5325 6917
290 655 381 731 '6045
883 635 1323 718 EPISTOLARUM
1372 639 1480 719 LlB.
1505 642 1570 722 lx.
1623 644 1755 763 1545.
2254 649 2334 724 624

405 821 498 896 Cum
522 818 629 912 igitur
645 817 785 888 nullum
805 827 896 885 extet
911 815 1057 883 verbum
1076 811 1141 884 Dei
1161 814 1203 881 de
1225 805 1291 878 bac
1345 809 1495 901 Davidi,
1520 815 1644 903 Petro,
1668 816 1792 904 Paulo,
1817 833 1851 891 et
1864 820 2031 891 omnibus
2045 819 2139 891 aliis:
2166 812 2221 893 lta
2238 837 2336 893 certo

306 927 545 1007 invocatione,
569 922 609 990 bt
637 919 718 989 talis
745 915 921 985 invocatio
952 940 1030 984 cum
1063 914 1293 995 dubitatione,
1342 916 1420 984 vult
1436 932 1469 987 et
1484 918 1588 986 nobis
1603 920 1767 991 omnibus
1788 937 1927 1013 peccata
1944 924 2123 993 remittere
2143 922 2251 1003 †fide
2273 950 2336 1016 pe·

308 1056 353 1103 an
376 1027 436 1097 bic
459 1047 536 1094 mos
550 1020 625 1090 Deo
647 1021 789 1112 placeat.
842 1015 960 1105 Quare
984 1040 1205 1109 nequaquam
1224 1028 1294 1083 sta·
1343 1015 1528 1089 tentibus'.

307 1131 468 1205 bilienda
486 1138 546 1196 est.
1443 1113 1593 1205 Quarto.
1645 1117 1745 1190 Sicut
1776 1133 1913 1193 sanctos
1949 1147 2031 1193 suos
2064 1125 2268 1216 castigavit,
2304 1143 2336 1199 et

411 1230 593 1297 Praeterea
627 1222 736 1290 solius
770 1218 1022 1309 omnipotentis
1055 1232 1202 1287 naturae
1234 1228 1296 1299 est,
1345 1217 1441 1287 cruci
1464 1219 1632 1305 subiecit,
1658 1233 1692 1290 et
1715 1233 1833 1290 tamen
1854 1226 2061 1294 sustentavit
2084 1250 2147 1296 sua
2169 1228 2338 1298 consola-

309 1347 427 1405 motus
444 1325 603 1398 cordium
617 1337 651 1393 et
666 1321 917 1404 invocationis,
943 1343 982 1389 ac
997 1320 1145 1408 gemitus
1162 1318 1199 1385 in
1217 1341 1296 1386 cor·
1345 1317 1460 1402 tione,
1486 1332 1521 1389 et
1543 1343 1665 1390 rursus
1689 1319 1862 1392 mirandis
1883 1324 2155 1396 liberationibus
2173 1332 2336 1400 ornavit:

311 1438 417 1507 dibus
433 1428 593 1498 omnium
616 1420 802 1494 hominum
824 1423 947 1490 audire
966 1434 1000 1490 et
1016 1420 1183 1491 iudicare.
1236 1417 1296 1485 ln·
1346 1415 1399 1487 lta
1413 1418 1603 1506 discamus,
1624 1443 1690 1490 nos
1706 1447 1849 1516 quoque
1868 1427 2116 1515 gubernandos
2132 1451 2223 1516 esse,
2247 1432 2339 1500 obe-

311 1554 441 1605 vocans
457 1542 574 1599 autem
589 1537 737 1608 sanctos,
752 1524 814 1616 qui
831 1546 871 1591 ex
886 1518 951 1590 hac
965 1521 1036 1590 vita
1052 1521 1297 1599 discesserunt,
1346 1520 1483 1590 diamns
1507 1522 1544 1588 in
1568 1545 1687 1607 cruce,
1714 1547 1753 1593 ac
1769 1538 1928 1614 petamus
1944 1541 1977 1596 et
1993 1519 2218 1620 expectemus
2234 1533 2338 1601 auxi-

311 1633 438 1709 tribuit
454 1632 503 1699 cis
516 1624 612 1697 hunc
625 1622 812 1708 honorem,
831 1638 864 1694 et
878 1618 969 1692 hanc
983 1621 1188 1712 potentiam,
1202 1620 1295 1712 quod
1346 1621 1435 1690 lium
1451 1631 1485 1689 et
1502 1621 1758 1708 liberationem,
1772 1625 1863 1697 sicut
1877 1629 1943 1697 scri
1946 1642 2045 1721 ptum
2061 1644 2127 1700 est:
2150 1626 2339 1704 Subdita,

313 1742 593 1810 cernantmotus
613 1727 774 1797 cordium
794 1724 937 1815 ubique.
991 1721 1032 1791 ld
1050 1724 1163 1811 reipsa
1180 1734 1231 1790 est
1248 1719 1297 1786 eis
1348 1728 1422 1790 esto
1438 1715 1540 1807 Deo,
1566 1731 1597 1792 et
1614 1748 1680 1792 ora
1697 1747 1774 1792 eum
1792 1722 1846 1821 ³²),
2167 1717 2174 1722 ’

187 1863 191 1872 “
314 1840 472 1911 tribuere
486 1826 788 1921 omnipotentiam.
819 1822 885 1893 Est
898 1836 1014 1892 autem
1029 1824 1206 1892 idolorum
1223 1820 1299 1890 cul·
1449 1819 1600 1910 Quinto.
1648 1824 1986 1900 Laudandisuntet
2003 1831 2070 1923 ipsi
2087 1833 2212 1919 sancti,
2235 1838 2339 1930 quod

315 1957 371 2014 tus
383 1937 538 2008 tribuere
555 1932 634 2002 aliis
650 1942 788 2019 praeter
801 1923 918 1994 Deum
931 1922 1237 2013 omnipotentiam.
1349 1922 1568 2012 diligentiam
1583 1920 1835 2013 adhibuerunt,
1849 1953 1893 1999 ne
1909 1931 2130 2005 effunderent
2146 1935 2216 2005 Dei
2230 1939 2340 2018 dona,

417 2032 553 2106 Omnes
569 2032 676 2122 igitur
689 2029 949 2119 gubernatores,
974 2022 1157 2115 Episcopi,
1183 2036 1300 2114 pasto-
1349 2025 1410 2093 sed
1425 2048 1541 2094 mores
1562 2049 1644 2097 suos
1665 2041 1756 2097 recte
1779 2030 2039 2119 gubernarunt,
2064 2036 2221 2107 studiose
2242 2039 2341 2108 didi-

314 2165 388 2223 res,
414 2152 448 2208 et
463 2134 645 2225 Principes
659 2125 754 2199 hunc
773 2151 928 2196 errorem
944 2140 978 2196 et
993 2127 1142 2196 abusum
1160 2123 1300 2193 abolere
1350 2141 1475 2196 cerunt
1496 2127 1693 2198 doctrinam
1716 2132 1915 2212 coelestem,
1939 2134 2101 2206 exercitia
2123 2138 2340 2226 studiorum,

317 2245 456 2320 dehent,
985 2243 989 2256 ·
1349 2225 1622 2298 meditationum
1650 2244 1684 2300 et
1711 2232 1954 2320 precationum
1980 2231 2197 2310 habuerunt:
2239 2238 2341 2330 Quos

416 2338 516 2427 Quae
538 2347 653 2404 autern
674 2330 866 2424 pertinacia
887 2343 939 2400 est
958 2327 1115 2397 stabilire
1136 2321 1227 2395 hanc
1244 2322 1302 2392 in-
1351 2350 1475 2396 eorum
1492 2329 1638 2398 virtutes
1655 2331 1758 2399 nobis
1775 2333 1962 2403 imitandas
1981 2360 2233 2428 proponamus.
2286 2340 2341 2412 De

317 2443 556 2521 vocationem,
581 2458 661 2505 cum
682 2436 721 2503 in
742 2446 930 2522 conspectu
954 2430 1025 2498 sint
1049 2430 1178 2497 abusus
1200 2425 1303 2508 tanti,
1351 2422 1407 2497 his
1424 2428 1510 2497 locis
1526 2430 1715 2499 dicendum
1733 2432 1816 2513 erit,
1841 2437 1978 2527 quoties
1992 2439 2036 2506 de
2052 2456 2253 2512 sanctorum
2269 2437 2340 2512 ho-

318 2547 380 2642 qui
394 2542 575 2612 manifeste
591 2549 674 2605 sunt
689 2535 803 2604 cultus
818 2533 1007 2609 idolorum,
1031 2543 1066 2598 et
1081 2551 1184 2596 nemo
1202 2526 1301 2614 igno·
1351 2528 1500 2598 noribus
1520 2532 1719 2623 quaeritur,
1743 2557 1894 2626 quorum
1923 2537 2082 2609 locorum
2102 2544 2339 2616 consideratio

319 2663 373 2718 ret
396 2643 535 2711 nullum
565 2648 789 2726 praeceptum
814 2645 876 2700 aut
903 2631 1100 2720 exemplum
1124 2641 1239 2695 extare
1265 2626 1303 2693 in
1352 2629 1464 2718 gignit
1484 2630 1522 2698 in
1546 2631 1674 2701 animis
1699 2657 1816 2702 veram
1838 2636 2079 2726 dilectionem,
2101 2646 2338 2716 reverentiam

320 2742 459 2834 scriptis
483 2732 703 2827 Propheticis
730 2745 763 2800 et
786 2726 1018 2820 Apostolicis,
1053 2730 1149 2821 quod
1181 2729 1303 2796 doceat
1353 2753 1433 2818 erga
1452 2744 1611 2818 sanctos,
1633 2746 1709 2802 tum
1732 2734 1771 2803 in
1791 2736 1895 2805 coelis
1918 2741 2093 2824 viventes,
2116 2758 2194 2814 tum
2213 2748 2340 2818 nobis-

319 2845 413 2918 hanc
426 2835 686 2911 invocationem
699 2831 774 2902 Deo
790 2834 937 2922 placere.
1353 2855 1432 2899 cum
1448 2826 1564 2902 adhuc
1581 2832 1619 2902 in
1634 2829 1698 2905 hac
1715 2835 1788 2906 vita
1803 2839 1982 2927 degentes,
2007 2860 2192 2937 occupatos
2206 2850 2338 2938 guber-

421 2942 493 3013 Nec
510 2962 592 3028 vero
614 2933 773 3026 sequitur
789 2927 893 3013 hinc,
918 2944 958 3000 ut
974 2929 1079 2998 nobis
1095 2927 1223 3000 iniuste
1238 2929 1304 2998 ob-
1352 2933 1497 3001 natione
1509 2931 1686 3004 Ecclesiae
1700 2948 1734 3004 et
1748 2934 1903 3027 Reipub.

319 3046 458 3128 iicitur,
483 3062 548 3109 nos
564 3058 639 3105 non
654 3034 819 3122 diligere,
846 3055 919 3100 non
936 3031 1116 3114 venerari,
1142 3056 1215 3100 non
1237 3024 1305 3099 bo·
1454 3031 1562 3121 Quod
1584 3036 1741 3126 pulcrius
1773 3043 2011 3130 spectaculum
2032 3059 2240 3138 potestesse
2267 3046 2340 3121 bo.

321 3172 408 3220 nore
425 3144 560 3216 afficere
581 3150 735 3206 sanctos:
761 3132 870 3213 Item,
895 3131 1029 3201 aboleri
1046 3132 1084 3198 in
1099 3132 1303 3200 universum
1352 3132 1442 3201 mini
1463 3156 1567 3219 sano,
1599 3159 1706 3228 quam
1728 3154 1847 3210 mente
1871 3147 2103 3237 contemplari
2124 3148 2212 3219 tales
2233 3152 2340 3236 viros,

321 3253 427 3321 festos
457 3245 553 3324 dies,
581 3261 733 3330 quorum
763 3233 948 3325 praecipua
977 3232 1084 3302 fuerit
1110 3231 1303 3304 celebritas.
1353 3234 1473 3325 quales
1492 3235 1638 3306 suerunt
1665 3236 1811 3332 loseph,
1837 3240 1970 3329 David,
1996 3260 2031 3315 et
2053 3249 2125 3318 alii.
2177 3249 2342 3324 Primum

306 3347 380 3427 ,ΑιΙ
400 3345 487 3416 haec
508 3339 775 3428 respondemus:
800 3332 877 3403 Deo
893 3347 1033 3403 aeterno
1059 3332 1150 3424 patri
1172 3346 1206 3402 et
1229 3332 1303 3401 lilio
1354 3333 1449 3402 enirn
1471 3333 1568 3406 Deus
1590 3337 1630 3406 in
1658 3338 1802 3409 illorum
1824 3345 2102 3419 consideratione
2126 3355 2341 3441 agnoscitne,

322 3450 397 3519 eius
427 3443 505 3513 lesu
531 3435 672 3507 Christo
710 3449 745 3520 ct
774 3433 925 3523 Spiritui
960 3447 1102 3517 sancto,
1136 3447 1304 3526 tanquam
1355 3435 1417 3528 qui
1432 3457 1468 3505 se
1484 3461 1548 3528 per
1563 3439 1643 3508 illos
1656 3442 1760 3509 certis
1773 3444 1983 3515 testimoniis
1996 3452 2168 3537 patefecit.
2199 3452 2341 3525 Deinde

200 3567 206 3592 ¹
322 3545 492 3619 essentiae
507 3535 742 3625 omnipotenti
755 3533 943 3604 tribuenda
961 3549 1013 3604 est
1026 3534 1217 3619 invocatio,
1243 3533 1303 3603 sed
1352 3536 1392 3604 in
1412 3531 1543 3608 horum
1565 3541 1671 3609 rebus
1701 3543 1804 3630 gestis
1826 3545 2012 3635 discimus,
2039 3555 2218 3643 quomodo
2244 3554 2343 3626 Deus

322 3647 450 3722 sanctis
471 3642 531 3712 alii
549 3634 703 3707 honores
721 3646 936 3725 competunt.
986 3630 1039 3704 Ac
1054 3647 1170 3725 potest
1184 3635 1305 3705 crudi·
1354 3637 1497 3727 colligat
1517 3640 1586 3709 sibi
1604 3638 1796 3711 Ecclesiam
1819 3658 1852 3714 et
1873 3653 2051 3738 quomodo
2067 3678 2144 3723 eam
2158 3657 2344 3743 gubernet.

321 3767 379 3826 tus
394 3762 428 3819 et
440 3745 520 3838 pius
537 3737 765 3810 concionator
786 3758 827 3804 ex
849 3757 971 3803 eorum
993 3728 1150 3804 historiis
1173 3736 1304 3828 populo
1354 3736 1478 3811 Tertio
1497 3742 1595 3812 iuvat
1611 3743 1769 3833 ipsorum
1791 3747 1997 3820 excellentes
2012 3752 2158 3824 virtutes
2175 3760 2344 3829 contueri

321 3852 434 3926 multa
450 3845 616 3926 recitare,
642 3862 731 3933 quae
747 3839 790 3907 de
806 3835 968 3905 maximis
989 3836 1112 3915 rebus,
1138 3840 1306 3908 erudiunt
1354 3851 1389 3908 et
1409 3842 1586 3912 admirari.
1636 3842 1733 3913 Haec
1754 3848 1988 3921 consideratio
2004 3854 2199 3925 absentium
2221 3875 2344 3932 movet

321 3965 476 4032 mentes,
501 3959 536 4016 et
550 3940 758 4012 confirmant
773 3938 890 4010 fidem.
1355 3942 1492 4013 animos
1512 3945 1555 4013 ad
1574 3948 1773 4038 quaerenda
1794 3953 1948 4041 exempla
1967 3954 2061 4024 inter
2075 3956 2251 4044 viventes,
2278 3964 2341 4055 qui

423 4049 584 4122 Primum
599 4042 696 4135 quod
716 4041 755 4109 in
770 4039 928 4131 ipsorum
942 4031 1090 4107 historia
1113 4051 1231 4109 extent
1251 4053 1305 4110 te-
1355 4041 1394 4108 in
1415 4044 1526 4112 simili
1547 4047 1801 4136 gubernatione
1823 4063 1856 4119 et
1873 4054 2055 4126 vocatione
2075 4073 2282 4144 versantur,
2309 4076 2343 4133 et

323 4150 488 4226 stimonia
509 4141 661 4214 illustria
682 4142 725 4210 de
748 4163 884 4209 summo
903 4136 971 4207 Dei
994 4137 1184 4224 beneficio,
1207 4142 1303 4233 qnod
1355 4142 1496 4214 collatio
1529 4149 1688 4221 accendit
1722 4150 2005 4227 benevolentiam
2038 4171 2074 4229 et
2106 4163 2342 4235 reverentiam

321 4253 487 4325 vidslicet
502 4240 637 4343 †Deus
650 4267 686 4312 se
700 4236 857 4310 humano
872 4239 991 4328 generi
1006 4241 1183 4331 patefecit,
1208 4244 1305 4334 quod
1355 4250 1434 4335 eiga
1452 4267 1521 4321 eos.

321 4359 407 4450 ipsis
431 4344 619 4424 videlicet''
642 4337 830 4434 Prophetis
853 4354 888 4412 et
912 4339 1093 4431 Apostolis
1121 4343 1305 4413 tradiderit

321 4481 425 4531 mum
447 4448 701 4539 Evangelium‚
726 4449 761 4514 et
782 4442 958 4512 addiderit
978 4454 1070 4512 certa
1094 4444 1306 4530 testimonia,

323 4573 357 4629 ,t
371 4579 435 4649 p„
448 4549 514 4622 hos
528 4548 707 4638 collegerit
722 4545 791 4614 sihi
804 4540 1009 4617 Ecclesiam,
1060 4541 1157 4613 Hm
1169 4568 1305 4616 summa
1456 4526 1535 4600 Hoc
1550 4528 1628 4600 loco
1645 4544 1682 4602 et
1696 4534 1739 4603 de
1755 4537 1920 4627 coniugio
1937 4542 2108 4632 dicemus,
2132 4547 2211 4640 quia
2225 4551 2342 4621 usim.

321 4654 491 4732 benclicia
512 4650 582 4721 Dei
605 4648 825 4718 considerare
850 4658 886 4715 et
912 4644 1088 4716 celebrare
1110 4647 1305 4737 oportebat,
1356 4645 1432 4703 tum
1456 4646 1508 4702 est
1534 4631 1610 4701 lieri
1640 4636 1856 4706 mentionem
1888 4641 1963 4711 eius
1987 4646 2081 4716 inter
2102 4645 2343 4727 Sacramenta.

322 4774 358 4833 er
373 4779 437 4851 pro
455 4753 505 4824 eis
524 4749 651 4839 gratias
666 4770 783 4836 agere,
809 4747 947 4838 quoties
969 4758 1171 4817 sanctorum
1191 4743 1304 4819 histo-
1356 4732 1429 4802 Nec
1460 4733 1631 4802 di⁸ffl¹⁸50
1646 4729 1690 4826 ⁵⁸)
1725 4750 1776 4807 ⁰⁵1
1800 4740 1893 4827 Ulla,
1931 4745 2019 4836 quid
2051 4748 2097 4820 sit
2121 4750 2341 4843 coniugium.

320 4863 394 4933 riae
408 4855 600 4927 recitantur
615 4860 675 4918 aut
690 4849 896 4934 cogitantur.
1357 4834 1446 4902 sicut
1465 4845 1501 4901 et
1521 4833 1745 4905 manifestum
1768 4852 1820 4909 est
1844 4842 1887 4911 de
1909 4838 1964 4912 his
1985 4848 2097 4918 tribus
2113 4851 2205 4921 vitae
2222 4857 2343 4944 gradi,-

423 4952 598 5029 secundo.
649 4946 742 5018 Tota
765 4948 972 5035 gubernatio
994 4943 1172 5018 Ecclesiae
1193 4948 1233 5016 in
1246 4942 1305 5015 hi.
1356 4934 1433 5020 bus,
1448 4934 1493 5002 de
1504 4932 1680 5024 coniugio,
1699 4939 1744 5007 de
1758 4941 1928 5030 dignitate
1943 4949 2080 5018 ordinis
2094 4947 2343 5042 Ecclesiastici,

321 5060 439 5137 „orig
455 5067 656 5127 ,anctorum
670 5058 787 5117 mente
802 5049 995 5136 reputanda
1011 5059 1071 5131 est,
1089 5062 1124 5117 et
1136 5046 1213 5118 Deo
1226 5071 1305 5138 gra.
1357 5035 1449 5104 etde
1464 5032 1634 5124 dignitate
1657 5039 1819 5128 politicae
1833 5046 2099 5132 gubernationis
2119 5052 2159 5121 in
2174 5051 2344 5128 Ecclesiis

321 5167 391 5238 tiae
408 5159 577 5251 agendae,
599 5151 697 5248 quod
710 5147 861 5220 subinde
878 5145 1032 5216 restituit
1049 5169 1170 5216 vocem
1184 5145 1306 5219 Evan.
1356 5135 1486 5207 nostris
1497 5136 1669 5226 singulari
1682 5138 1751 5210 Dei
1766 5144 1934 5218 beneficio
1950 5150 2148 5222 doctrinam
2164 5159 2345 5246 praeclare

321 5265 422 5359 gelii,
446 5274 483 5330 et
499 5257 586 5328 alios
600 5266 706 5348 atque
718 5249 807 5321 alios
816 5241 859 5342 ³⁰)
874 5260 976 5318 vocat
990 5261 1025 5319 et
1038 5247 1231 5321 confirmat.
1356 5238 1565 5308 illustratam
1580 5253 1615 5310 el
1631 5257 1853 5333 repurgatam
1868 5271 1955 5331 esse,
1982 5275 2071 5344 quae
2087 5268 2189 5326 antea
2208 5259 2248 5328 iu
2271 5274 2346 5332 tra·

238 5349 244 5356 ’
423 5361 559 5437 Tertio.
610 5352 767 5443 lnsignia
789 5351 945 5443 exempla
967 5350 1097 5440 gratiae
1113 5347 1182 5422 Dei
1201 5352 1241 5420 in
1256 5349 1306 5421 eis
1358 5339 1555 5409 ditionibus
1577 5337 1789 5414 Pontificum
1811 5358 1847 5416 et
1875 5349 2115 5425 deliramentis
2146 5356 2345 5434 monacho-

322 5463 608 5558 conspiciuntur,
629 5456 722 5526 sicut
732 5452 828 5527 Deus
842 5451 991 5524 remittit
1006 5465 1145 5545 peccata
1158 5448 1305 5536 Aaroni,
1356 5464 1438 5511 rum
1459 5441 1562 5512 valde
1578 5442 1760 5517 obscurata
1776 5459 1810 5517 et
1824 5453 2060 5528 contaminata
2076 5458 2204 5537 luerat.

1709 4395 1770 4469 De
1784 4392 1982 4500 Coniugio.

321 5659 545 5686 μ

1391 5699 1437 5767 st)
1453 5699 1517 5753 Per.
1530 5697 1618 5755 addit:
1635 5710 1688 5773 „et
1702 5700 1760 5774 ipre
1771 5702 1881 5759 faciet.”

354 5794 399 5866 86)
417 5793 488 5849 dtu
499 5799 586 5861 deus
597 5787 683 5853 udos]
696 5784 759 5882 rer.
771 5785 880 5854 actvm
893 5784 1063 5842 mlrddaler.
1190 5733 1193 5739 Ι
1392 5781 1438 5855 88)
1455 5786 1600 5853 memo]
1618 5784 1682 5841 Ρη.
1700 5783 1833 5858 definere.
