5325 6917
376 776 401 846 a
947 759 1386 851 uersuuaatttlll
1435 761 1545 854 ΜΒ.
1577 763 1644 853 lx„
1699 710 1829 856 late.
2382 786 2407 856 s

377 943 447 1022 Sed
463 944 620 1020 hominis
635 947 784 1019 studiosi
801 961 853 1019 est
874 947 1091 1036 intelligere,
1124 971 1211 1041 quas
1233 946 1367 1018 utilita-
1416 970 1514 1018 mum
1529 948 1618 1020 lucis
1635 950 1767 1026 afferet.
1817 951 1915 1023 Bene
1930 953 2024 1039 vale,
2058 950 2409 1042 VitebergaeCalen-

378 1066 429 1122 tes
446 1054 586 1144 proprie
598 1052 722 1121 afferat
734 1046 954 1120 arithmetica
968 1046 1043 1134 his,
1074 1050 1136 1141 qui
1159 1049 1308 1119 solidam
1333 1060 1368 1117 et
1416 1048 1471 1119 dis
1490 1047 1645 1120 Ianuarii
1666 1043 1777 1129 1543.

375 1155 564 1244 perfectam
591 1149 788 1220 doctrinam
811 1151 850 1219 in
864 1151 1008 1221 caeteris
1022 1145 1367 1243 philosophipe'par·

375 1257 470 1325 tibus
487 1255 671 1344 explicant.
723 1250 830 1340 Quod
854 1252 949 1321 enim
971 1253 1077 1342 vulgo
1098 1243 1240 1347 dicunt,
1264 1251 1366 1341 prin-
1431 1290 1591 1301 -·-—-

377 1357 507 1447 cipium
535 1376 607 1423 esse
629 1354 818 1423 dimidium
847 1353 983 1453 totius,
1016 1353 1059 1425 id
1075 1353 1133 1444 'u'e'l
1153 1351 1304 1441 maxime
1325 1352 1366 1419 in

375 1451 621 1547 philosophiae
642 1455 801 1545 partibus
825 1478 891 1548 con
933 1443 1072 1546 ioithffl
1091 1446 1205 1527 ’Unus
1222 1466 1273 1522 est
1289 1452 1367 1522 adi·
1415 1459 1480 1534 Nu,
1495 1456 1608 1533 2615,
2283 1471 2315 1530 1,
2330 1456 2397 1525 lm.

374 1573 431 1629 tus
455 1562 499 1625 ad
527 1551 905 1649 praestantissimamp
922 1547 1128 1646 tilo's‘ophiae
1155 1567 1289 1645 partem
1321 1554 1365 1620 de
1414 1557 1584 1583 ’Ν
2268 1549 2401 1576 “⁴⁸
2433 1542 2436 1546 ⁴

374 1659 529 1728 motibus
563 1649 772 1749 coelestibus
787 1649 965 1744 szcogr'ritio
1006 1651 1252 1728 arithmetices.
1297 1649 1366 1723 -Et
1658 1638 1870 1724 Maurilt'o
1897 1633 2017 1721 Duct'
2046 1633 2158 1723 δατ.

374 1756 459 1828 haec
474 1740 837 1841 tantam'uiet'tbabet,
863 1772 903 1829 ut
917 1756 1142 1827 mediocriter
1158 1754 1364 1826 exercitatus
1482 1820 1566 1892 Epist.
1586 1827 1736 1892 noncupat-
1755 1816 1784 1869 tn
1804 1815 1920 1870 tibrum:
1944 1813 2014 1869 Phil.
2029 1815 2097 1869 Md·
2115 1813 2144 1872 in
2161 1814 2305 1870 Danielem
2325 1834 2406 1871 oom-

373 1977 443 2032 tur.
464 1951 477 1994 ‘¹
494 1955 545 2028 l'ta
563 1960 642 2050 plus
657 1983 763 2051 qnam
777 1957 966 2028 dimidium
984 1958 1093 2029 totius
1108 1958 1184 2027 eius
1204 1952 1364 2048 philoso·
1516 1897 1684 2011 ffieeqtaqgg
1698 1883 1921 2025 minimi?
1934 1884 1971 2006 ‘i’
1983 1883 2403 2034 ;J,;,¹}jf⁰5²,„',¹,¹,ss‘⁶,lb‘}¹,²,¹„²‚

371 2057 477 2153 phiae
494 2074 588 2143 tenet
604 2060 653 2143 is,
686 2061 748 2152 qui
772 2059 996 2128 mediocriter
1011 2058 1176 2148 cognovit
1192 2052 1364 2127 arithme-
1514 2024 1548 2078 Τ·
1562 2025 1594 2079 ¹¹·
1612 2044 1638 2095 Ρ·
1652 2023 1712 2079 ⁴¹⁶

371 2163 476 2235 ticcn.
527 2159 777 2242 Hanctantam
800 2159 989 2231 utilitatem
1012 2159 1163 2252 praediti
1185 2157 1363 2249 generosis
1412 2175 1612 2279 praesago
1636 2171 1861 2275 phglssppg
1883 2169 2224 2247 Melanthongs
2250 2175 2290 2247 ᾗ,
2315 2171 2405 2246 Da,

371 2262 508 2334 naturis
531 2260 718 2351 diligenter
741 2261 983 2346 considerent,
1020 2273 1062 2341 ut
1090 2276 1125 2333 et
1152 2259 1364 2330 exsuscitent
1718 2275 1848 2349 „idem
1864 2271 2099 2374 propheram,

371 2366 509 2436 animos
533 2365 575 2431 ad
599 2386 754 2431 amorem
776 2358 884 2431 huius
906 2363 1009 2446 artis,
1044 2375 1078 2432 et
1101 2374 1311 2452 praeparent
1325 2383 1363 2428 se

371 2469 415 2535 ad
439 2464 681 2556 percipiendas
702 2476 853 2532 caeteras
873 2477 975 2536 artes.
1026 2462 1124 2551 Quid
1149 2465 1243 2555 quod
1267 2460 1364 2529 mul-

370 2580 448 2636 tum
462 2563 566 2636 etiam
582 2565 621 2632 in
638 2560 808 2657 physicis,
833 2565 984 2634 multum
1000 2564 1039 2632 in
1053 2560 1211 2633 historiis
1228 2564 1363 2633 utimur
1413 2534 1549 2619 '1'0502
1611 2632 1619 2649 ‚
1675 2632 1683 2651 ‚
1817 2631 1826 2650 .
2035 2631 2043 2648 ο
2359 2629 2367 2647 .

370 2665 437 2737 hac
451 2665 631 2737 subtiliori
646 2665 805 2735 doctrina
821 2667 865 2733 de
879 2666 1048 2738 numeris.
1079 2663 1243 2757 Denique
1259 2679 1362 2754 turpe
1412 2646 1444 2709 0²
1461 2629 1680 2707 M⁰7⁶hl⁰¹²¹
1698 2629 1888 2719 MIWM,
1920 2627 2090 2702 DOMO
2112 2655 2180 2701 ⁸1¹⁰
2200 2631 2405 2704 demeum·

371 2784 423 2840 est
437 2763 576 2838 homini
593 2766 748 2835 versanti
770 2768 810 2834 in
831 2766 960 2851 lite‘ris,
990 2766 1167 2855 negligere
1190 2760 1281 2834 hauc
1304 2787 1364 2832 ar·
1474 2735 1586 2822 Sim⁰2
1612 2729 1867 2832 ΡΜῘΡΡΗις
1892 2723 2194 2803 Metallum&
2232 2728 2271 2806 S·
2285 2728 2342 2808 D·

370 2885 460 2954 tem,
498 2892 588 2961 quae
620 2881 671 2937 est
699 2868 780 2937 fons
812 2881 846 2937 et
873 2863 1052 2938 inchoatio
1079 2865 1362 2937 ratiocinationis
1411 2847 1520 2940 Haec
1548 2892 1629 2938 cum
1658 2868 1697 2937 in
1725 2869 1853 2940 bruma
1876 2851 2084 2947 scriberem,
2117 2877 2257 2960 tempus
2278 2892 2335 2937 me
2359 2870 2406 2940 de

371 2970 574 3052 universae,
600 2990 689 3060 quae
705 2967 860 3058 primum
877 2968 1046 3039 discernit
1061 2993 1173 3037 uutnn
1189 2981 1222 3036 et
1238 2966 1362 3051 miella,
1410 2969 1618 3065 Halcyouiis
1639 2969 1837 3042 admonuit.
1886 2962 2001 3038 Aiunt
2020 2967 2115 3036 enim
2139 2964 2340 3062 Halcyonas
2364 2971 2405 3040 in

372 3095 482 3164 eaque
498 3069 694 3153 distribuit,
720 3093 789 3161 qua
803 3068 881 3138 luce
895 3070 1037 3161 proprie
1051 3064 1215 3138 homines
1230 3068 1362 3137 distant
1411 3071 1558 3142 marinis
1573 3070 1728 3162 scopulis
1741 3068 1982 3152 nidificantes,
2016 3061 2083 3137 hoc
2104 3072 2296 3161 asperrimo
2317 3071 2405 3140 anni

371 3173 618 3264 apecudibus.
677 3168 761 3238 ldeo
787 3171 874 3238 boni
898 3184 933 3240 et
951 3170 1045 3238 docti
1068 3169 1136 3236 viri
1161 3192 1297 3237 summa
1325 3167 1362 3234 vi
1412 3187 1570 3263 tempore
1587 3172 1756 3241 incubare
1772 3169 1849 3240 ovis
1864 3185 1899 3242 et
1914 3169 2033 3261 pullos
2048 3167 2243 3245 excludere,
2293 3167 2406 3243 Eam.

371 3274 487 3344 anniti
503 3273 653 3354 debcnt‚
676 3282 718 3338 ut
735 3268 773 3336 in
788 3265 925 3336 scholas
941 3284 1106 3340 revocent
1123 3265 1214 3339 hane
1229 3268 1364 3337 doctri·
1411 3298 1481 3367 que
1495 3272 1543 3342 oh
1555 3295 1695 3342 causam
1710 3270 1836 3342 diebus
1848 3268 2116 3364 quatuordecim
2129 3272 2166 3341 id
2180 3295 2287 3357 mare,
2306 3275 2405 3366 quod

372 3399 473 3456 nam,
498 3388 555 3456 ut,
589 3382 772 3461 postquam
795 3371 937 3459 explosa
961 3383 1011 3440 est
1033 3370 1093 3439 illa
1118 3371 1229 3439 diluta
1253 3383 1288 3440 et
1308 3370 1364 3438 lo-
1413 3370 1607 3466 hospitium
1623 3373 1768 3464 praebet
1788 3371 1973 3444 incubanti
1989 3368 2184 3466 Halcyoni,
2213 3375 2303 3442 adeo
2325 3375 2407 3465 pla-

372 3499 465 3570 quax
488 3467 698 3565 sophistice,
730 3494 821 3563 quae
845 3486 1063 3561 oppresserat
1087 3471 1304 3540 dialecticam
1329 3485 1365 3539 et
1413 3477 1531 3545 cidum
1553 3497 1643 3560 esse,
1678 3475 1717 3545 ui
1738 3486 1816 3546 tuto
1839 3471 1999 3563 navigari
2025 3473 2153 3563 possit,
2191 3495 2256 3543 nec
2281 3476 2406 3547 sevitia

372 3572 568 3668 Physicen,
607 3595 705 3642 nunc
735 3572 862 3642 veteris
886 3585 922 3642 et
944 3571 1098 3663 purioris
1120 3567 1364 3663 philosophiae
1413 3588 1600 3647 ventorum
1617 3574 1793 3669 quassari,
1818 3599 1882 3646 nec
1895 3573 2002 3644 undis
2018 3572 2124 3656 obrui
2145 3571 2221 3644 avis
2244 3570 2407 3668 hospitae

274 3673 277 3684 ’
373 3677 490 3746 studia
506 3676 633 3746 iterum
652 3673 899 3744 accendantur.
951 3671 1047 3741 Haec
1064 3674 1248 3760 diligentia
1268 3672 1365 3742 mul·
1413 3678 1551 3749 nidum,
1607 3674 1761 3771 Ideoque
1786 3673 2080 3770 tranquillitatem
2105 3686 2141 3746 et
2169 3674 2269 3769 quasi
2298 3679 2407 3748 indu.

373 3778 419 3848 tis
434 3776 548 3845 modis
565 3775 747 3865 profutura
764 3788 816 3844 est
831 3774 1055 3863 reipublicae.
1107 3773 1195 3843 Nam
1212 3774 1365 3864 simplici
1414 3780 1484 3849 cias
1511 3791 1688 3849 certonrm
1715 3774 1853 3846 dierum
1874 3776 1966 3846 cirea
1987 3771 2151 3846 brumam
2173 3777 2293 3846 vocari
2315 3775 2406 3848 Hal-

375 3891 410 3948 et
431 3901 520 3968 pura
545 3874 705 3945 doctrina
729 3875 939 3944 assuefactae
963 3890 1096 3944 mentes
1116 3875 1243 3946 rectius
1270 3874 1365 3944 iudi·
1414 3879 1558 3975 eyonios
1580 3878 1667 3951 dies.
1728 3874 1776 3948 Ut
1797 3890 1913 3948 autem
1935 3874 2032 3945 Deus
2056 3875 2185 3948 multas
2210 3877 2248 3945 in
2278 3890 2407 3952 natura

375 3994 475 4059 cant,
514 3989 688 4070 quaerunt
718 3989 811 4066 certa
846 3976 883 4043 in
916 3976 1107 4060 doctrinis,
1144 4001 1218 4045 non
1242 3991 1366 4047 tenent
1413 4005 1533 4052 rerum
1564 3978 1733 4069 imagines
1761 3974 1939 4047 Ecclesiae
1968 3976 2072 4045 uobis
2102 3979 2303 4070 proposuit:
2352 3978 2407 4052 lta

375 4080 552 4148 mordicus
578 4077 721 4145 ineerta.
778 4073 951 4165 Magnum
979 4091 1014 4147 et
1044 4072 1110 4147 hoc
1139 4077 1273 4146 bonnm
1303 4090 1365 4157 est,
1414 4078 1505 4152 mihi
1528 4080 1660 4171 legenti
1686 4090 1796 4149 totam
1827 4102 1947 4149 earum
1977 4077 2095 4148 avium
2122 4077 2406 4169 descriptionem,

375 4182 470 4275 quod
495 4175 581 4248 haec
602 4179 677 4268 ipsa
701 4179 918 4247 consuetudo
938 4180 1053 4248 adfert
1067 4202 1221 4246 amorem
1236 4179 1366 4248 verita·
1415 4207 1516 4274 saepe
1539 4180 1695 4251 venitin
1719 4193 1872 4250 ruentem
1889 4175 2066 4249 Ecclesiae
2088 4179 2303 4251 nidificantis
2325 4195 2404 4253 tan-

376 4284 439 4367 tis,
464 4282 526 4375 qui
542 4281 655 4349 bonos
671 4278 767 4346 viros
783 4277 904 4363 eflicit,
939 4291 972 4347 et
994 4279 1182 4368 diligenter
1204 4279 1366 4347 adsuefa-
1416 4308 1521 4378 quarn
1539 4283 1578 4352 in
1594 4282 1705 4368 mari,
1736 4279 1776 4350 in
1797 4279 1933 4372 magnis
1955 4294 1990 4351 et
2006 4281 2222 4352 turbulentis
2236 4283 2405 4375 imperiis,

376 4383 424 4453 cit
445 4382 582 4452 animos
598 4379 643 4450 ad
659 4379 939 4450 moderationem
957 4380 1062 4450 etiam
1079 4380 1114 4447 in
1129 4379 1266 4471 reliqua
1283 4379 1366 4453 vita.
1416 4387 1454 4455 in
1470 4385 1601 4479 quibus
1616 4383 1871 4478 aliquantisper
1884 4379 1981 4472 Deus
1999 4394 2034 4452 et
2054 4383 2293 4470 domicilium,
2326 4398 2406 4456 tan.

377 4482 475 4573 Quid
508 4493 560 4550 est
591 4492 707 4550 autem
739 4482 846 4549 rebus
875 4475 1042 4550 humanis
1066 4482 1178 4570 magis
1201 4480 1368 4567 salutare,
1416 4512 1524 4581 quam
1552 4487 1679 4557 nidum
1708 4498 1742 4556 et
1770 4483 2063 4577 tranquillitatem
2096 4485 2308 4555 mediocrem
2336 4485 2407 4578 piis

377 4608 484 4677 quam
499 4606 567 4665 eos,
590 4580 650 4672 qni
667 4578 1021 4670 propter'doctrinam
1036 4581 1249 4671 reipublicae
1264 4607 1368 4672 prae-
1417 4588 1543 4659 studiis
1558 4587 1737 4680 concedit,
1770 4600 1808 4656 ut
1827 4584 2013 4677 propagari
2026 4579 2261 4676 Evangelium
2283 4588 2407 4676 possit.

378 4685 562 4762 ficiuntur,
597 4694 631 4749 et
652 4678 808 4749 veritatis
828 4695 984 4750 amantes
1002 4705 1075 4750 esse
1093 4683 1369 4753 etmoderatos?
1417 4689 1521 4758 Talia
1552 4690 1700 4758 fuerunt
1731 4682 1928 4778 Halcyonia
1969 4684 2063 4773 genti
2095 4683 2276 4768 Iudaicae,
2323 4710 2405 4757 cum

379 4783 430 4856 lta
456 4785 544 4854 bene,
569 4795 604 4851 et
625 4780 801 4872 praeclare
822 4783 1054 4866 merelnmtur
1075 4778 1214 4852 scholae
1236 4783 1280 4851 de
1308 4805 1369 4873 ge-
1416 4783 1578 4860 Christus
1600 4802 1635 4857 et
1654 4781 1819 4878 Apostoli
1841 4786 2050 4857 docuerunt.
2116 4784 2193 4856 Nisi
2216 4786 2310 4854 euim
2337 4786 2405 4855 ali-

309 4903 320 4922 ·
379 4911 462 4957 nere
485 4881 661 4961 laumano,
696 4882 725 4950 si
747 4906 884 4966 veram,
915 4885 1058 4969 utilem,
1090 4908 1215 4975 puram
1236 4884 1368 4953 doctri·
1417 4889 1621 4981 quantisper
1642 4911 1710 4977 pax
1732 4885 1874 4970 fuisset,
1905 4909 1980 4956 non
1996 4886 2110 4976 spargi
2126 4911 2192 4955 vox
2207 4881 2405 4973 Evangelii,

379 5014 461 5059 nam
481 4989 679 5078 proponent
693 4982 887 5067 iuventuti,
919 5009 1065 5079 eamque
1090 4984 1196 5055 simul
1212 4985 1258 5055 ad
1274 4984 1369 5054 veri·
1417 5004 1452 5062 et
1469 5013 1543 5058 non
1558 4987 1693 5059 erudiri
1709 4986 1961 5072 adolescentia,
1994 5011 2065 5056 nou
2081 4986 2272 5055 coalescere
2286 4999 2406 5059 coetus

379 5090 459 5158 tatis
478 5112 633 5156 amorem
658 5098 691 5154 et
714 5084 759 5153 ad
782 5084 1002 5174 diligentiam
1023 5111 1064 5156 ac
1087 5086 1367 5156 moderationem
1417 5089 1528 5184 aliqui
1550 5089 1758 5182 potuissent.
1808 5085 1906 5158 Haec
1930 5089 2025 5157 enim
2048 5087 2125 5156 fieri
2148 5110 2222 5157 non
2248 5103 2408 5176 possunt,

272 5220 277 5237 ν
380 5192 417 5259 in
434 5189 504 5258 vita
521 5188 716 5259 instituant.
768 5183 925 5256 Proinde
943 5188 1141 5257 laudandus
1157 5203 1208 5260 est
1222 5200 1369 5259 conatus
1417 5215 1498 5263 cum
1515 5206 1648 5264 terrore
1670 5213 1848 5260 armorum
1871 5200 1906 5259 et
1924 5188 2085 5258 barbarie
2103 5211 2144 5256 ac
2164 5189 2284 5257 surore
2308 5190 2407 5259 mili-

378 5292 589 5375 multorum,
630 5289 691 5380 qui
725 5279 793 5357 hoc
820 5301 978 5376 tempore
1007 5300 1069 5358 aut
1096 5300 1213 5358 vetera
1238 5289 1369 5382 scripta
1418 5308 1495 5366 tum
1519 5292 1735 5383 dissipantur
1755 5285 1897 5361 honesti
1920 5302 2055 5371 coetus,
2087 5290 2292 5359 cum'nrhes
2307 5315 2406 5362 ever.

345 5389 491 5490 sidunt
506 5405 609 5484 atque
626 5389 806 5458 illustrant
819 5390 863 5458 de
881 5382 937 5457 his
951 5387 1159 5481 disciplinis,
1185 5414 1273 5484 quae
1288 5392 1370 5459 son·
1418 5408 1560 5479 tuntur,
1590 5417 1670 5464 cum
1694 5392 1787 5463 nulli
1801 5403 1884 5461 sunt
1900 5403 2057 5481 receptus
2073 5389 2301 5477 discentium,
2324 5416 2405 5461 eum

351 5486 357 5500 ’
380 5511 430 5567 tes
445 5484 689 5584 philosophiae
704 5490 904 5574 continent,
930 5504 991 5561 aut
1005 5492 1140 5561 cudunt
1154 5515 1257 5563 nova.
1289 5487 1369 5560 Hoc
1418 5520 1438 5564 a
1459 5494 1643 5585 complexu
1665 5505 1848 5585 parentum
1871 5490 1991 5560 avulsa
2012 5490 2245 5564 adolescentia
2265 5491 2404 5580 iugula-

381 5595 529 5666 consilio
565 5588 633 5662 hoc
667 5583 930 5660 arithmeticum
963 5591 1132 5683 scriptum
1164 5585 1370 5661 Michaelis
1419 5610 1488 5669 tur,
1539 5593 1853 5676 Haeecnmliunt,
1886 5591 1975 5660 iram
1991 5588 2057 5660 Dei
2075 5594 2242 5663 adversus
2256 5587 2404 5659 humani

381 5691 530 5793 Stiselt‘i
556 5691 704 5779 studiosi
736 5691 910 5760 iuventuti
943 5695 1263 5764 commendandum
1297 5715 1370 5762 esse
1418 5697 1555 5788 generis
1580 5706 1717 5788 peecata
1740 5717 1970 5784 agnoscamus
1995 5717 2035 5763 ae
2050 5693 2282 5784 deploremus·
2333 5686 2403 5760 Sed

383 5800 484 5880 duxi,
517 5796 612 5888 quod
634 5817 713 5864 eum
730 5794 773 5862 ad
791 5793 1073 5864 exercitationem
1087 5796 1262 5886 proderit,
1293 5808 1389 5865 tum·
1419 5811 1538 5870 tamen
1552 5798 1723 5866 immensa
1735 5791 1802 5865 Dei
1819 5795 1959 5865 bouitas
1974 5795 2154 5867 interdum
2168 5791 2305 5884 aliquas
2318 5813 2406 5860 con-

1411 2429 1681 2505 Illostrissimo
1703 2425 1874 2528 Principi
1896 2451 1941 2499 ac
1962 2423 2148 2512 Domino,
2181 2423 2235 2498 D.
2259 2424 2404 2498 Mau-

1574 2530 1680 2603 Duci
1691 2528 1897 2619 Saxoniae,
1921 2523 2171 2624 Landgravio
2185 2525 2406 2623 Turingioe,

382 5923 463 5968 vero
488 5904 531 5967 ad
557 5918 676 5966 causas
701 5893 985 5987 praeceptionum
1009 5898 1227 5989 quaerendas
1254 5895 1369 5991 pluri·
1420 5900 1512 5974 cedit
1526 5896 1685 5970 inducias
1700 5912 1846 5991 propter
1860 5891 2074 5978 Ecclesiam,
2102 5909 2141 5967 ut
2156 5892 2263 5965 maris
2277 5892 2407 5964 hechas
