5325 6917
327 744 401 817 291
914 714 1355 810 urssrocanon
1407 735 1515 813 mn.
1538 733 1603 813 1x.
1657 734 1794 812 1644.
2149 669 2152 676 ⁵
2204 769 2207 777 1
2297 732 2376 806 eoa

329 937 375 984 ne
391 909 460 981 hoc
473 913 600 1001 dogma
617 912 811 981 absurdum
826 910 959 1001 populo
976 918 1202 1001 proponeret.
1236 903 1324 975 Mox
1349 906 1352 917 '
1375 899 1602 979 Clarissimo
1626 907 1704 977 viro
1727 901 1929 977 eruditione
1958 913 1990 975 et
2013 903 2143 975 uirtute
2165 906 2381 1002 praestanti

332 1016 394 1085 ille
417 1015 458 1082 in
481 1007 575 1083 Aula
596 1006 830 1098 mefaccusat3
857 1008 965 1081 habet
980 1012 1076 1080 enim
1097 1009 1324 1104 quorundam
1376 1006 1625 1081 Ioacirimo
1665 998 1702 1080 C
1705 1009 1913 1096 amerari
1921 1032 1942 1078 o
1969 1003 2210 1101 ‘Pubergansi
2256 1006 2381 1079 amico

333 1116 450 1188 studia
481 1129 627 1207 propter
650 1114 821 1185 maledica
849 1115 1024 1205 polimata.
1087 1110 1219 1183 Missae
1243 1122 1326 1179 sunt

333 1212 426 1288 mihi
451 1219 527 1287 eius
551 1214 836 1309 Propositiones,
871 1218 933 1285 sed
959 1216 1122 1285 nondum
1145 1211 1326 1303 respondi.

267 1336 271 1344 ’
333 1318 417 1392 Non
451 1319 547 1389 enim
576 1320 683 1398 libet,
724 1343 805 1388 cum
834 1315 981 1387 homine
1009 1316 1144 1386 furioso
1178 1315 1327 1401 litigare.

336 1421 494 1492 Tantum
518 1434 635 1490 autem
656 1420 688 1489 ei
712 1421 902 1505 tribuitur,
928 1433 969 1490 ut
993 1443 1090 1510 nunc
1106 1418 1145 1486 in
1160 1414 1329 1487 Conven-

336 1539 413 1595 tum
428 1525 642 1608 abducatur,
666 1546 723 1590 me
733 1522 877 1607 relicto,
899 1523 1005 1591 credo
1026 1522 1122 1614 quod
1145 1514 1329 1588 hominem

337 1627 504 1696 audacem
518 1636 643 1714 putent
657 1626 912 1714 opponendum
927 1646 1000 1691 esse
1017 1613 1078 1707 iis,
1094 1621 1156 1715 qui
1173 1620 1330 1689 moliun-¹

338 1741 398 1797 tur
413 1718 738 1820 conciliationes*).
1049 1736 1052 1740 ’

438 1827 509 1899 Sed
523 1829 679 1920 profecto
695 1827 868 1897 nonsatis
884 1842 953 1908 est,
974 1817 1207 1905 ἀπαιδεύτως
1221 1822 1331 1916 βοᾶν.

338 1924 436 1999 Mihi
457 1942 576 1998 tamen
600 1942 738 2019 gratum
766 1944 836 2013 est,
862 1927 1068 2021 praesertim
1087 1928 1133 1997 ab
1154 1922 1222 1995 hoc
1233 1923 1333 1996 Con-

207 2108 217 2116 *
337 2044 448 2100 ventu
462 2033 600 2111 abesse,
627 2054 733 2123 (Ῑιιεηι
754 2032 858 2100 video
881 2030 986 2119 longe
1010 2030 1122 2119 magis
1144 2027 1332 2102 turbulen-

338 2145 414 2201 tum
431 2134 508 2201 fore
527 2130 782 2223 superioribus.
833 2130 951 2204 Deum
972 2155 1132 2216 oremus,
1157 2144 1197 2200 ut
1220 2129 1333 2198 exitus

339 2233 384 2305 sit
405 2234 575 2324 placidus.

440 2333 549 2404 Mitto
565 2329 751 2404 historiam
767 2332 1030 2422 Hungaricam,
1054 2357 1144 2426 quae
1165 2331 1333 2411 ostendit,

339 2437 525 2506 ruentibus
539 2434 699 2528 Rebusp.
714 2436 864 2525 grassari
880 2435 1009 2521 furias,
1035 2450 1070 2504 et
1085 2435 1211 2504 amisso
1228 2455 1333 2502 sensu

340 2538 580 2633 calamitatum
601 2533 766 2607 homines
789 2538 969 2606 cumulare
994 2538 1143 2621 scelera,
1164 2549 1206 2606 ut
1226 2536 1334 2612 fiebat

236 2692 238 2695 ,
340 2638 380 2707 ἰιι
400 2640 536 2709 excidio
562 2637 808 2732 lerosolymae.
858 2631 1073 2731 Exemplum
1091 2652 1222 2708 metuo.
1273 2636 1333 2708 si-

340 2740 441 2809 milia
457 2741 553 2810 enim
570 2742 787 2826 acciderent,
812 2740 896 2808 siin
913 2737 1106 2810 Germania
1124 2732 1259 2809 bellum
1281 2738 1334 2827 ci-

340 2842 412 2911 vile
436 2843 610 2922 oriretur,
636 2844 732 2935 quod
753 2855 794 2912 ut
816 2840 912 2911 Deus
925 2836 1198 2911 Pater'Domini
1218 2839 1333 2908 nostri

342 2940 422 3013 Iesu
437 2940 571 3014 Christi
588 2957 743 3028 avertat,
769 2943 977 3012 ardentibus
993 2944 1084 3012 votis
1099 2965 1294 3034 precemur.

421 3041 537 3115 -Mihi
559 3068 681 3114 recens
703 3069 744 3113 ex
766 3046 921 3135 quadam
946 3045 1045 3131 aula,
1084 3067 1159 3115 non
1187 3066 1334 3135 prorsus

340 3146 461 3236 ignara
476 3147 705 3237 negociorum
716 3137 853 3215 Caroli
865 3145 955 3238 Imp.
964 3147 1143 3239 ,scriptum
1161 3152 1240 3229 est,
1255 3145 1334 3236 pla-

339 3272 384 3316 ne
404 3244 521 3319 adhuc
541 3240 677 3318 Caroli
705 3249 918 3316 sententiam
947 3272 1041 3334 csse,
1071 3272 1117 3317 ne
1147 3259 1333 3315 moveatur

341 3344 546 3420 Gennania.
600 3347 708 3435 Quod
726 3349 755 3416 si
773 3372 897 3417 verum
914 3364 982 3433 est,
1008 3349 1187 3439 singulare
1210 3361 1243 3417 et
1257 3372 1334 3415 ma-

268 3516 271 3520 .
339 3468 448 3535 gnum
463 3447 530 3518 Dei
555 3450 765 3518 beneficium
789 3463 869 3531 est,
883 3452 1044 3521 animum
1067 3450 1161 3546 Imp.
1180 3462 1232 3520 tot
1248 3448 1332 3517 irrib

338 3562 451 3619 tatum
484 3551 617 3633 modis,
669 3563 787 3620 tamon
816 3551 861 3619 ab
893 3551 1036 3644 optimis
1069 3551 1227 3622 consiliis
1258 3575 1332 3619 non

337 3650 460 3724 averti.
806 3656 808 3660 ’
1154 3739 1157 3746 Δ

368 3803 370 3809 ,
439 3750 549 3823 Mitto
564 3766 600 3822 et
610 3754 758 3826 alteram
774 3754 947 3845 pagellam
962 3755 1020 3846 pie
1035 3756 1212 3849 scriptam.
1262 3753 1333 3826 Sed

339 3854 477 3923 utinam
504 3856 605 3926 aulae
627 3854 719 3926 serio
740 3880 862 3948 pacem
884 3870 1106 3948 expeterent,
1132 3872 1225 3929 certe
1245 3857 1332 3948 ipsis

338 3956 469 4046 magis,
510 3982 617 4052 quam
646 3960 780 4050 populo
815 3960 1058 4030 necessariam.
1116 3958 1214 4030 Bene
1242 3961 1331 4034 vale.

339 4052 408 4128 Die
424 4056 483 4133 18.
500 4055 659 4130 Ianuarii
674 4058 796 4133 1544.

851 4171 1040 4270 Philippus
1055 4174 1282 4252 Melanthon.

319 4311 321 4314 ⁵
440 4327 617 4401 Praefatio
648 4331 687 4400 iu
710 4328 886 4417 Genesin,
918 4331 958 4400 in
978 4328 1231 4431 typographica
1255 4333 1334 4402 offi-

244 4509 248 4515 ,
340 4433 419 4499 cina
435 4433 596 4502 absoluta
613 4447 676 4507 est.
725 4431 901 4505 Fortassis
917 4436 1116 4526 exemplum
1132 4437 1199 4508 tibi
1214 4436 1336 4507 mitte-

340 4543 409 4602 tur.
461 4531 633 4602 Venditio
650 4534 816 4606 differtur
835 4539 1008 4629 usquead
1024 4542 1202 4611 nondinas
1219 4536 1343 4608 Fran

341 4632 574 4702 cofordianas.

494 4866 553 4872 ...-.
560 4867 604 4873 ...-.
613 4866 1203 4889 ..u—mu„
1214 4874 1290 4881 .....
1293 4874 1330 4883 ...

1199 5096 1257 5157 22.
1270 5085 1337 5150 Iani

1196 5181 1325 5206 M

617 5315 768 5399 Ioach.
803 5312 1061 5425 Camerario.
1098 5387 1100 5389 ,

409 5495 495 5567 Epist.
509 5496 542 5549 ad
558 5495 696 5553 camna.
713 5516 740 5570 p.
753 5496 806 5553 448
817 5516 860 5570 aq.
878 5461 932 5567 ieci.
946 5496 1034 5554 lund.
1050 5496 1099 5553 IV.
1119 5516 1161 5570 ep.
1175 5498 1257 5570 tls).

343 5671 550 5683 m

377 5789 414 5863 *)
432 5766 535 5844 Indicta
555 5792 632 5845 eraut
646 5787 756 5845 comitia
769 5789 863 5860 Spirae
880 5792 1034 5847 d.10.lan.
1055 5791 1178 5847 habenda
1211 5790 1334 5845 volebat-

412 5881 464 5984 pue
478 5861 525 5914 Pr.
539 5861 649 5915 Elector
661 5857 870 5915 concionatores
883 5880 978 5917 recum
998 5862 1106 5921 ducere.
1143 5828 1333 5917 viriseeten-

432 5930 483 5984 ori.
497 5930 523 5984 h.
537 5930 616 5985 Loth.
631 5929 681 5988 III.
697 5948 726 6001 p.
742 5928 794 5983 473
806 5948 847 6000 sq.

1677 1126 1680 1129 ’
1766 1134 1835 1180 suo
1854 1109 1982 1180 caries.

1358 1280 1361 1285 ·
1377 1226 1422 1317 S
1440 1246 1486 1323 D.
1537 1239 1653 1317 Deum
1669 1270 1752 1331 oro,
1778 1260 1820 1315 ut
1835 1260 1975 1315 nostros
1993 1246 2132 1315 labores
2150 1258 2247 1333 regat
2262 1260 2298 1315 et
2314 1248 2378 1316 ad-

1379 1350 1478 1421 iuvet
1502 1351 1542 1419 in
1557 1348 1793 1419 adolescentia
1811 1348 2018 1418 erudienda.
2067 1342 2377 1442 Suaraebergium

1380 1453 1524 1546 quidem
1542 1451 1661 1522 iudico
1679 1446 1821 1519 homini
1835 1451 1965 1520 idoneo
1981 1452 2267 1521 commendatum
2292 1475 2379 1536 esse,

1380 1551 1604 1634 Sebastiano
1634 1545 1804 1639 Franco,
1847 1552 1947 1623 cuius
1974 1552 2042 1622 tibi
2073 1552 2177 1623 mitto
2205 1549 2381 1643 Elegiam,

1381 1682 1456 1727 non
1470 1671 1512 1726 ut
1526 1657 1610 1725 inde
1628 1656 1811 1745 ingenium
1837 1655 2015 1737 aestimes,
2039 1648 2148 1723 habet
2171 1656 2265 1723 enim
2290 1657 2380 1725 alias

1382 1764 1603 1829 venustiores
1629 1760 1729 1827 dotes
1757 1757 1910 1845 ingenii,
1944 1780 2050 1849 quam
2082 1752 2175 1826 hanc
2197 1757 2379 1827 scribendi

1378 1860 1549 1931 'carminis
1565 1860 1848 1953 qualemcunque
1861 1858 2074 1930 facultatem.
2125 1854 2173 1928 Et
2186 1883 2285 1929 nunc
2302 1849 2380 1929 ina-

1384 1987 1451 2053 gna
1478 1986 1559 2032 cum
1582 1986 1642 2053 spe
1665 1974 1826 2029 versatur
1848 1960 1887 2028 in
1909 1957 1991 2029 Iure
2011 1959 2125 2043 civili,
2151 1974 2186 2030 ct
2207 1963 2380 2033 maritate

1385 2065 1538 2154 ingenii,
1563 2080 1599 2135 et
1620 2062 1823 2132 dexteritate
1846 2061 1972 2130 eximia
1995 2063 2177 2151 praeditus
2199 2078 2262 2137 est.
2314 2063 2381 2131 Vi-

1385 2169 1506 2261 vitque
1520 2167 1559 2233 in
1574 2165 1709 2235 familia
1725 2163 1795 2232 viri
1809 2164 1896 2232 boni
1912 2156 2068 2257 Georgii
2074 2158 2197 2233 Rhau
2215 2179 2379 2259 typogra-

1383 2265 1459 2361 phi.
1504 2263 1617 2339 Vitas
1625 2264 1655 2364 ¹)
1674 2268 1791 2357 inepte
1809 2266 1981 2334 alienarat
1996 2266 2155 2336 animum
2174 2268 2380 2356 adolescen-

1384 2372 1430 2441 tis
1452 2394 1472 2439 a
1499 2367 1551 2439 se:
1602 2367 1656 2440 Ac
1681 2392 1775 2438 nuuc
1800 2370 1945 2462 quidem
1967 2361 2061 2462 Vita
2083 2369 2234 2460 pecunia
2259 2370 2380 2439 debita

1385 2496 1512 2563 magna
1526 2497 1566 2541 ex
1581 2486 1681 2565 parte
1695 2471 1875 2563 persoluta
1898 2483 1961 2542 est.
2011 2467 2102 2540 Cum
2125 2472 2260 2539 reversi
2288 2495 2380 2540 esse-

1386 2599 1464 2645 mus
1489 2576 1654 2655 domum,
1688 2566 1845 2642 exhibita
1868 2585 1919 2641 est
1944 2572 2049 2644 nohis
2071 2570 2214 2663 epistola
2238 2567 2384 2640 Bucari

1385 2680 1430 2746 ad
1454 2670 1696 2745 Macedonem
1721 2674 1868 2766 scripta,
1901 2698 2008 2767 quam
2034 2687 2154 2743 noster
2174 2665 2336 2743 Pericles
2351 2669 2381 2769 ²)

1380 2771 1585 2875 ,ἀποτόμως
1600 2778 1743 2863 reiecit,
1769 2789 1804 2864 et
1819 2776 1867 2847 ita
1882 2776 2028 2860 exarsit,
2053 2788 2093 2845 ut
2114 2775 2254 2845 videam
2278 2771 2382 2859 mihi,

1386 2881 1417 2949 si
1441 2880 1480 2949 in
1505 2893 1719 2950 conventum
1742 2878 1919 2969 profectus
1948 2900 2078 2962 essem,
2110 2876 2170 2945 vix
2191 2877 2300 2946 fuisse
2323 2903 2381 2946 re-

1386 2985 1578 3053 deundum.
1628 2977 1821 3070 Composui
1838 2992 1957 3047 tamen
1979 2976 2284 3075 responsionem³)
2307 3004 2381 3048 nou

1385 3079 1683 3167 horridissimam,
1709 3105 1815 3174 quam
1828 3080 1967 3171 placere
1982 3081 2051 3149 sibi
2066 3082 2232 3154 ostendit.
2285 3078 2382 3151 Bene
2421 3083 2425 3089 ’

1386 3186 1462 3255 vale
1482 3182 1601 3258 XXII.
1618 3181 1787 3255 Ianuarii.
1813 3178 1884 3256 An.
1903 3181 1956 3254 M.
1966 3180 2012 3254 D.
2020 3179 2175 3256 XLIIII.

1940 3278 2130 3375 Philippus
2156 3283 2332 3375 Melanth.

1389 3494 1512 3505 ...αφ-ιιι·-

1384 3619 1579 3751 Q.
2135 3605 2141 3610 ’
2243 3628 2303 3693 at.
2316 3624 2381 3691 1211.

2251 3718 2371 3745 M

1735 3785 2040 3873 Auditorum.

1455 3933 1564 4056 Sclrlipta
1584 3928 1660 4056 13ng.
1679 3927 1763 3985 Acad.
1779 3911 1872 3988 Vitet's.
1893 3928 1958 3985 vot.
1972 3932 1993 3985 I.
2010 3962 2045 3973 -
2081 3933 2185 4003 Apogr.
2198 3931 2226 3984 in
2240 3931 2305 3987 cod.
2318 3931 2384 3986 Bar.
2412 3969 2414 3973 -

1417 4042 1419 4047 .
1515 4022 1569 4074 ,μ
1641 4038 1649 4053 ,

1383 4141 1644 4242 Philippus
1671 4137 1960 4238 Melanthea
1989 4138 2032 4213 de
2057 4136 2217 4213 secunda
2243 4142 2385 4241 eclipsi,

1628 4245 1691 4320 24.
1709 4242 1894 4316 Ianuarii
1906 4269 2008 4315 anno
2025 4243 2135 4318 1544.

1385 4360 1559 4452 Obscura
1591 4382 1703 4450 donec
1730 4382 1860 4470 tegitur
1885 4378 2035 4469 caligine
2061 4372 2230 4448 Phoebus

1438 4482 1591 4556 Usuram
1614 4508 1679 4553 nec
1703 4486 1762 4552 dat
1789 4482 1935 4552 luminis
1961 4484 2036 4573 ipse
2059 4482 2134 4566 sui,

1386 4583 1544 4658 Auditor
1568 4587 1667 4656 luctu
1690 4608 1792 4654 veros
1819 4586 1965 4653 ostende
1992 4583 2154 4666 dolores,
2205 4621 2211 4643 .

1437 4686 1488 4759 Ut
1513 4685 1610 4757 Dens
1633 4710 1764 4784 poenas
1788 4687 1943 4774 mitiget,
1970 4686 2063 4758 adde>
2086 4707 2218 4776 preces.

1386 4785 1597 4858 Omittenda
1622 4788 1732 4877 igitur
1756 4811 1853 4857 nunc
1880 4802 1931 4856 est
1956 4785 2144 4879 praelectio
2171 4786 2297 4870 nobis,

1437 4888 1525 4959 Cras
1548 4890 1686 4960 utinam
1712 4891 1832 4960 redeat
1858 4890 1987 4960 laetior
2011 4885 2099 4977 hora
2125 4909 2259 4978 precor.
2363 4966 2368 4975 s

1397 5091 1968 5104 -ss--u—-u———m--v—
1976 5096 1986 5100 ν·
1994 5095 2019 5101 --
2029 5095 2054 5101 ...-
2066 5095 2078 5100 n
2088 5096 2091 5099 ⁴
2100 5094 2114 5100 .⁴
2128 5094 2150 5099 .-
2159 5092 2242 5098 *αι-α..

1388 5214 1454 5288 No.
1470 5212 1583 5285 2852.
1673 5243 1681 5263 ¹

1392 5312 1564 5340 Μ

2248 5093 2383 5102 -n-—a-

2216 5220 2276 5288 24.
2294 5218 2360 5283 Ion.
2383 5269 2389 5282 ,

2203 5310 2378 5337 Μ

1661 5384 1810 5468 ΙοαεΙι.
1847 5383 2104 5471 Camerario

1454 5527 1538 5600 Epist.
1553 5527 1587 5583 ad
1597 5526 1736 5585 Camerar.
1750 5546 1778 5599 p.
1790 5528 1843 5583 456
1853 5548 1896 5600 rq.
1916 5531 1969 5600 (ed.
1981 5529 2071 5585 Lond.
2084 5528 2134 5583 lV.
2149 5546 2193 5599 ep.
2204 5526 2294 5598 Μ).

1421 5756 1448 5823 1)
1467 5753 1669 5808 Amerbachius.

1419 5839 1447 5903 2)
1465 5836 1576 5891 Luther.
1589 5835 1622 5891 C.
1634 5836 1692 5891 W.

1417 5927 1447 5995 8)
1466 5923 1608 6006 Ηεοοιιιοη
1623 5931 1727 5981 serrata
1742 5934 1792 5979 ent.
1860 5960 1862 5963 >
