5325 6917
321 714 397 788 829
902 707 1340 786 EPISTOLARUM
1390 707 1500 788 ΗΒ.
1531 709 1597 789 ΙΧ.
1650 708 1783 789 1545.
2284 710 2362 785 850

320 883 534 957 christianae
554 898 711 967 nostrae,
738 907 818 952 cum
842 879 901 953 hic
925 897 1031 967 esset,
1063 882 1314 975 coniunxisset,
1366 881 1496 974 quibus
1512 896 1546 951 et
1563 884 1606 951 de
1620 881 1756 952 incuria
1774 878 2006 976 typographi,
2031 895 2065 951 et
2080 882 2125 951 de
2146 881 2278 953 iactura
2293 896 2354 955 tua

320 1013 362 1059 ae
379 982 554 1079 paschatis
577 1000 734 1075 tempore
754 987 798 1052 ad
814 986 928 1054 vicina
943 986 1154 1054 monasteria
1170 1008 1313 1055 sumen·
1364 984 1630 1068 continebatur,
1651 984 1905 1054 intelleximus:
1932 1008 1996 1053 nec
2011 983 2135 1052 leviter
2149 986 2194 1053 de
2208 985 2275 1055 isto
2290 1000 2355 1056 tuo

319 1092 385 1159 dae
407 1084 636 1158 eucharistiae
660 1110 761 1155 causa
785 1110 865 1155 cum
887 1109 1016 1175 magno
1037 1087 1313 1155 omniumscau-
1364 1085 1476 1168 malo,
1509 1086 1698 1175 tangimur.
1755 1083 2010 1154 Existimamus
2040 1098 2158 1154 autem
2187 1110 2262 1155 non
2295 1086 2353 1155 in-

319 1191 402 1261 dalo
422 1189 643 1277 emigrasset,
660 1211 726 1255 nec
742 1187 782 1254 in
797 1189 959 1256 extremis
977 1188 1166 1279 quicquam
1184 1189 1228 1256 de
1244 1188 1312 1254 im·
1363 1187 1585 1255 commodam
1607 1210 1680 1255 esse
1701 1187 1874 1255 rationem
1891 1186 2101 1256 sublevandi
2119 1188 2240 1255 damni
2259 1187 2290 1255 si
2307 1190 2353 1258 ad

256 1331 264 1340 ·
318 1292 447 1384 pietate
470 1303 640 1372 mutaret,
666 1289 785 1377 sunus,
805 1287 1032 1383 magnifice⁵)
1063 1313 1082 1357 a
1110 1302 1213 1377 gente
1237 1288 1312 1357 eius
1363 1301 1557 1377 suspectam
1581 1288 1677 1357 illam
1702 1288 1900 1357 cautionem
1926 1289 1968 1356 de
1985 1286 2188 1356 visitatione
2204 1286 2353 1369 Mariae,

228 1412 230 1428 ¹
319 1417 381 1461 seu
396 1390 530 1459 familia
547 1402 757 1480 apparatum
772 1392 915 1474 cst3sed
931 1403 1074 1459 senatus
1088 1390 1180 1457 serio
1193 1390 1312 1473 edixit,
1363 1402 1421 1456 tua
1451 1413 1561 1457 manu
1589 1390 1736 1459 lectores
1764 1402 1902 1459 tautum
1928 1390 2222 1474 admonerentur,
2257 1391 2355 1481 quod

317 1506 358 1562 ut
374 1491 449 1561 sine
468 1515 596 1582 pompa
612 1490 732 1575 omni,
752 1490 828 1559 sine
850 1485 1086 1575 scholasticis,
1110 1492 1186 1559 sine
1203 1491 1312 1558 mini·
1362 1487 1424 1557 illa
1444 1503 1477 1558 te
1500 1491 1618 1559 nescio
1640 1515 1659 1558 a
1686 1486 1905 1582 typographo
1930 1491 1977 1559 sit
1994 1491 2141 1558 inserta:
2168 1490 2247 1558 ideo
2261 1490 2354 1560 libe-

318 1593 418 1677 stris,
442 1593 519 1660 sine
541 1591 715 1676 candelis,
741 1616 830 1683 quae
852 1606 934 1660 ante
960 1595 1062 1661 aedes
1084 1593 1199 1662 solent
1212 1592 1311 1683 poni,
1362 1614 1441 1659 rum
1466 1591 1538 1658 illis
1560 1593 1603 1660 de
1626 1591 1776 1662 lectione
1797 1592 1899 1661 istius
1914 1588 2036 1685 hymni
2053 1589 2224 1660 iudicium
2240 1591 2352 1660 relin-

317 1708 399 1764 ante
424 1692 615 1784 prandium
637 1692 840 1777 efferretur,
868 1706 929 1762 aut
954 1694 1136 1778 futurum,
1170 1707 1310 1762 utrum
1362 1690 1435 1782 qui.
1486 1690 1545 1761 Sic
1568 1693 1663 1760 enim
1685 1695 1760 1761 lore
1781 1715 1979 1783 speramus,
2003 1706 2044 1763 ut
2057 1695 2153 1784 quod
2169 1690 2350 1761 residuum

316 1795 513 1886 ignominia
528 1806 623 1862 extra
642 1794 836 1863 coemiterii
851 1796 1000 1884 parietes
1014 1795 1213 1886 sepeliatur.
1238 1792 1311 1863 Nec
1363 1805 1414 1861 est
1435 1794 1705 1884 exemplarium,
1739 1793 1877 1863 facilius
1901 1796 2117 1864 extrudatur.
2176 1790 2282 1880 Quod
2306 1794 2351 1861 ad

317 1896 423 1966 veriti
437 1907 521 1964 sunt
537 1896 628 1983 regis
643 1895 897 1984 praesentiam,
923 1896 984 1988 qui
1007 1911 1041 1965 et
1054 1909 1158 1965 norat
1179 1919 1310 1974 senem,
1363 1915 1428 1962 nos
1451 1895 1594 1979 attinet,
1620 1918 1806 1985 possumus
1827 1898 1919 1965 ferre
1938 1909 1978 1965 ut
1998 1893 2123 1984 viginti
2140 1893 2352 1983 exemplaria

317 2012 353 2068 et
381 1997 620 2065 iuramentum
650 1996 757 2064 abeo
780 2011 862 2065 ante
891 1996 1104 2082 triennium,
1140 2022 1219 2067 cum
1248 2019 1310 2086 pe-
1361 2018 1424 2084 per
1438 1996 1655 2065 occasionem
1673 1999 1717 2065 ad
1743 2020 1808 2065 nos
1827 1998 2024 2070 mittantur.
2062 1993 2352 2086 Recipimusnos

316 2100 379 2166 des
404 2097 554 2181 lavaret,
579 2111 775 2186 acceperat,
808 2121 853 2165 ne
877 2098 1070 2167 discederet
1092 2122 1111 2167 a
1137 2098 1309 2187 religione
1361 2120 1504 2186 operam
1526 2099 1689 2181 daturos,
1721 2112 1887 2190 utquam
1917 2099 2101 2168 commode
2123 2109 2290 2186 poterunt
2311 2095 2351 2163 in

315 2222 438 2289 papae.
558 2284 560 2287 .
1139 2208 1141 2212 ’
1361 2210 1480 2266 nostra
1516 2199 1667 2267 dioecesi
1701 2195 1882 2288 parrochie
1914 2200 2055 2267 vendita
2089 2199 2353 2287 dispertiantur.

416 2297 608 2391 Postquam
633 2298 741 2387 igitur
765 2298 950 2367 idolatriae
971 2311 1141 2388 patronus
1156 2300 1309 2388 ignomi-
1360 2296 1445 2367 Fuit
1459 2314 1637 2390 praeterea
1653 2302 1746 2390 apud
1766 2324 1831 2370 nos
1846 2300 1980 2371 Ductor
1996 2295 2192 2368 Martinus
2206 2290 2353 2367 Luthe-

315 2399 414 2467 niose
438 2400 596 2490 sepultus
618 2414 687 2485 est,
719 2399 879 2473 redditus
912 2413 963 2469 est
991 2402 1123 2469 nostris
1152 2399 1308 2469 ecclesiis
1362 2421 1442 2479 rus,
1469 2426 1580 2493 aquo
1603 2425 1701 2470 sacro
1721 2402 1956 2471 ordinationis
1970 2402 2138 2496 mysterio
2156 2424 2218 2490 per
2233 2400 2351 2487 impo-

314 2500 456 2593 pietatis
478 2514 672 2591 patronus,
696 2497 960 2594 Hieronymus.
1012 2498 1119 2588 Quod
1142 2504 1185 2569 ad
1209 2504 1308 2570 vale·
1360 2499 1523 2569 sitionem
1541 2526 1710 2570 manuum
1726 2503 1857 2571 initiati
1873 2527 2006 2576 sumus.
2043 2501 2077 2571 ls
2090 2501 2172 2571 fecit
2184 2515 2263 2570 tuae
2281 2494 2352 2568 hu-

314 2602 477 2671 tudinem
496 2602 640 2685 attinet,
665 2603 735 2671 nisi
757 2602 864 2674 facies
881 2602 1035 2671 colorata
1058 2626 1099 2670 er
1120 2602 1308 2671 itineribus
1360 2601 1539 2671 manitatis
1555 2598 1788 2671 honorificam
1805 2604 2032 2673 mentionem.
2084 2601 2178 2671 Illud
2192 2615 2233 2671 ut
2245 2599 2350 2669 nobis

315 2716 423 2786 esset,
451 2727 525 2770 non
552 2704 702 2771 multum
731 2716 888 2772 mutatus
909 2703 953 2772 ab
976 2727 1017 2770 eo
1040 2716 1108 2787 est,
1140 2705 1203 2795 qui
1227 2705 1307 2776 fuit.
1359 2702 1509 2793 placuit,
1537 2703 1584 2772 ita
1601 2705 1811 2793 pollicemur
1827 2702 1870 2776 T.
1887 2702 1933 2773 H.
1956 2728 2028 2771 non
2044 2703 2160 2772 solum
2176 2696 2263 2784 hoc,
2288 2702 2351 2770 sed

313 2801 452 2893 Corpus
475 2815 594 2870 tamen
618 2815 839 2872 attenuatum
865 2798 1034 2872 nonnihil
1058 2818 1126 2888 est,
1156 2817 1191 2872 et
1212 2828 1306 2873 novo
1359 2802 1464 2871 ctiam
1479 2804 1548 2872 alio
1563 2805 1670 2874 officii
1687 2798 1813 2893 genere
1832 2806 2019 2894 benignam
2034 2818 2067 2873 et
2081 2803 2270 2893 gratiosam
2285 2816 2350 2871 vo'-

313 2905 429 2995 coepit
451 2904 610 2972 infestari
634 2905 759 2973 morbo
789 2905 827 2972 in
860 2906 948 2995 pede
970 2903 1093 2999 (quem
1121 2929 1306 2998 nunquam
1358 2905 1541 2977 luntatem.
1609 2903 1757 2974 lnterim
1780 2908 2071 2975 commendamus
2093 2918 2215 2975 nostra
2239 2925 2350 2993 nego-

313 3001 447 3099 sensit)
471 3001 701 3096 Erysipelate.
762 3003 831 3074 Sed
855 3019 997 3074 curatus
1020 3006 1134 3074 facilis
1166 3021 1234 3090 est,
1265 3031 1306 3075 ac
1358 3006 1429 3088 cia,
1457 3030 1545 3097 quae
1574 3030 1639 3096 pro
1655 3003 1832 3075 Ecclesiae
1861 3006 2104 3075 incolumitate
2123 3005 2351 3096 suscepimus,

312 3118 354 3175 ut
375 3120 461 3196 puto
485 3101 672 3175 hilariores
696 3105 807 3173 animi
828 3121 946 3176 motus
965 3104 1037 3203 (est
1058 3107 1152 3175 enim
1175 3106 1306 3204 alacer)
1357 3106 1481 3175 vestris
1498 3106 1565 3195 piis
1582 3108 1755 3197 precibus.
1806 3104 1902 3175 Bene
1919 3109 2034 3176 valeat
2059 3120 2119 3175 tua
2137 3101 2350 3180 humanitas.

312 3206 462 3275 afferent
478 3204 690 3275 levationem
706 3201 962 3278 melancholico
979 3201 1086 3277 malo.
1226 3294 1228 3298 Ι
1355 3205 1466 3276 Datae
1485 3205 1706 3298 Mersburgi,
1731 3204 1901 3278 sabbatho
1917 3206 2122 3299 postSixti,
2143 3202 2252 3276 Anno
2270 3202 2333 3279 45.

416 3305 469 3376 Te
494 3330 576 3387 oro,
602 3309 652 3375 mi
670 3303 854 3398 Philippe,
880 3308 910 3376 si
928 3311 1050 3377 advos
1073 3308 1305 3400 expatiabere,
2048 3309 2051 3313 ’
2129 3349 2134 3357 -
2217 3309 2222 3322 ’

312 3408 358 3476 ad
374 3431 429 3476 me
446 3420 485 3476 ut
500 3408 664 3481 divertas.
714 3404 837 3502 Equos
860 3404 1070 3479 habebimus
1092 3410 1225 3500 optimo
1248 3409 1304 3479 lo·

311 3532 372 3589 co,
403 3521 438 3577 et
459 3521 498 3577 tu
522 3511 617 3599 apud
642 3532 698 3577 me
726 3534 884 3603 quoque,
917 3525 958 3581 ut
979 3535 1098 3599 spero,
1121 3512 1304 3579 commode

312 3610 392 3682 eris.
442 3606 539 3689 Bene
555 3610 592 3677 iu
608 3610 753 3680 domino
770 3613 915 3696 vale‚et
929 3604 1161 3692 D.Lu1hero,
1176 3603 1303 3684 1).Ρο-
1354 3596 1421 3671 No·
1442 3594 1555 3672 3247·
1856 3600 1861 3608 ⁴
2181 3609 2237 3669 10·
2253 3598 2337 3682 Aug.

311 3731 482 3789 morano,
509 3709 554 3785 D.
570 3699 785 3804 Crucigero,
806 3709 851 3781 D.
866 3708 1018 3781 Maiori
1038 3714 1186 3783 salutem
1207 3714 1303 3781 dicas
1356 3694 1527 3721 Μ
2167 3690 2340 3720 Μ

311 3835 391 3879 meo
415 3812 560 3880 nomine
579 3827 792 3887 reverenter.
845 3812 926 3883 Scio
948 3815 1063 3899 enim,
1089 3816 1187 3907 qnod
1207 3810 1303 3899 haec,
1694 3798 1741 3886 V
1736 3861 1748 3884 .
1785 3797 2018 3884 Theodoro.

228 3986 230 3992 ,
310 3936 401 4005 quae
417 3912 627 4001 significavi,
647 3908 836 4008 cumeis⁰)
852 3915 1142 3989 communicabis.
1191 3912 1303 4006 Datae
1420 3959 1505 4032 393„
1521 3958 1743 4027 „mmm
1772 3983 1808 3997 ,,
1860 3956 1913 4013 ffic
1930 3975 1961 4010 ex
1981 3953 2148 4029 autographo
2166 3954 2345 4012 imm„

309 4011 527 4103 Noribergae
546 4010 582 4086 5.
606 4016 665 4084 die
686 4012 838 4105 Augusti
860 4040 955 4086 anno
983 4013 1092 4090 1545.
1154 4015 1301 4088 Utinam
1454 4028 1663 4099 nsc.t.p.619.
2057 4068 2063 4077 .
2283 4028 2287 4033 '

311 4114 440 4207 aliquis
457 4138 497 4183 er
513 4116 638 4185 vestris
651 4113 810 4212 poe'tis’)
829 4131 933 4188 ornet
948 4119 1104 4190 carmine
1119 4118 1300 4188 liberatio-

310 4239 394 4285 nem
410 4216 523 4286 sancti
535 4216 617 4292 viri.
1036 4218 1142 4290 Vitus
1159 4233 1252 4294 tuus.

1350 4177 1406 4257 D.
1428 4174 1474 4257 V
1476 4179 1543 4251 ito
1556 4175 1824 4264 Theodoro,
1851 4177 1993 4252 docenti
2005 4175 2190 4274 Evangel.
2214 4171 2346 4248 010Εο-

1642 4280 1754 4354 clesio
1777 4280 2054 4377 Noribergensi.

1350 4410 1395 4501 S.
1421 4429 1466 4501 D.
1517 4430 1662 4502 Utinam
1677 4432 1837 4501 redditus
1857 4432 1903 4502 sit
1919 4432 1988 4501 iam
2002 4427 2254 4524 Hieronymus
2275 4422 2344 4498 ho-

310 4584 513 4714 Q·
1124 4616 1297 4714 „Q
1352 4635 1476 4704 clesiae
1499 4632 1566 4704 Dei
1591 4638 1685 4727 apud
1705 4658 1786 4719 vos,
1812 4634 1940 4705 studiis
1960 4635 2163 4719 literarum,
2188 4632 2343 4724 denique

466 4793 474 4810 ,
1206 4797 1214 4814 ,
1352 4738 1416 4806 toti
1440 4736 1593 4827 reipubl.
1657 4735 1780 4830 Teque
1803 4760 2016 4826 magnopere
2046 4760 2128 4821 oro,
2163 4749 2206 4805 ut
2236 4756 2342 4827 quam

314 4781 528 4901 Georgm
561 4786 748 4876 Anhalt·
786 4790 849 4877 ad
883 4788 1301 4907 spangenbergmm·
1351 4837 1507 4927 primum
1538 4837 1642 4907 nobis
1665 4831 1732 4907 hac
1753 4838 1798 4907 de
1826 4861 1864 4907 re
1895 4838 2068 4929 significes
2094 4838 2215 4909 omnia
2243 4825 2342 4915 ἅξιό·

411 4949 510 5005 Manlii
527 4949 629 5023 lamg.
647 4969 676 5023 p.
688 4950 741 5007 418
758 4972 799 5027 sq.
1350 4942 1455 5037 hoya.

455 5101 464 5120 ,
685 5105 691 5121 ,
1230 5112 1238 5133 .
1451 5038 1559 5109 Mitto
1583 5038 1650 5109 tibi
1672 5038 1933 5131 Witebergam,
1948 5053 2126 5124 nostram,
2156 5060 2262 5131 quam
2284 5036 2342 5130 pi-

323 5094 506 5197 G⁶⁰fd¹¹¹⁸
527 5100 761 5225 Anhalfmw
784 5104 849 5185 1⁰·
875 5108 1286 5209 Spangfflb‘l'd'ws
1351 5153 1428 5210 ctor
1449 5133 1743 5237 Sebastianus')
1773 5143 1897 5213 edidit.
1955 5140 2057 5212 Nosti
2080 5164 2170 5235 quae
2201 5139 2272 5210 iam
2295 5139 2344 5211 sit

510 5198 661 5278 P⁰⁸¹⁰r¹
684 5204 934 5283 N⁰rlh¹¹³⁰n⁰
976 5212 1018 5286 S·
1042 5210 1096 5286 D·
1349 5246 1414 5335 τῆς
1428 5247 1614 5340 γραφικῆς
1635 5244 1791 5317 fortuna.
1841 5241 1926 5313 Ideo
1950 5242 2084 5314 imitari
2099 5254 2232 5312 vestros
2247 5236 2341 5311 hane

309 5309 479 5405 Gratiam
491 5350 529 5406 et
544 5362 663 5430 pacem
680 5366 700 5412 a
716 5340 793 5414 Deo
807 5357 929 5435 patre,
953 5358 988 5415 et
1003 5342 1160 5415 Domino
1177 5360 1299 5418 nostro
1349 5344 1523 5437 picturam
1552 5345 1681 5432 nollet,
1712 5359 1754 5415 ut
1785 5366 1848 5414 sua
1881 5346 2038 5435 exempla
2060 5345 2194 5414 maiore
2224 5343 2339 5435 pretio

310 5429 390 5505 lesu
411 5432 572 5526 Christo,
603 5440 732 5519 Arnen.
790 5444 928 5517 Literas
951 5441 1183 5522 humanitatis
1205 5461 1298 5532 tuae,
1349 5446 1502 5515 vendere
1518 5460 1646 5538 posset.
1695 5442 1749 5517 Ea
1762 5445 1802 5515 in
1819 5470 1856 5515 re
1872 5446 1903 5516 si
1917 5447 2004 5541 quid
2025 5445 2157 5539 poteris
2169 5446 2265 5536 apud
2282 5468 2342 5515 ar-

309 5594 516 5615 -ῃ
1348 5546 1475 5634 titices,
1504 5548 1615 5640 agito,
1651 5572 1697 5620 ue
1727 5548 1924 5625 imitentur.
1982 5545 2150 5622 Arbitror
2169 5567 2245 5617 rem
2263 5567 2340 5618 non
2408 5643 2412 5648 .

342 5684 370 5754 5)
387 5683 456 5741 Cod.
471 5685 537 5743 Bar.
548 5690 775 5761 magnificenter.

340 5768 368 5836 6)
388 5769 548 5826 60016011.
561 5772 623 5828 101.
641 5792 685 5828 eo.

339 5851 369 5923 7)
385 5850 455 5908 coa.
471 5852 554 5912 Goth.
568 5856 633 5914 sot.
648 5864 748 5927 poeta.
1191 5957 1195 5962 .
1383 5868 1415 5942 11)
1434 5871 1540 5929 Sebast.
1554 5872 1674 5931 Caesari
1691 5873 1756 5930 Vid.
1767 5894 1809 5951 ep.
1821 5876 1856 5934 ad
1867 5876 2012 5954 llelingm
2024 5876 2055 5936 d·
2066 5876 2094 5936 6·
2106 5876 2179 5953 sp.
2193 5873 2264 5936 1515
2288 5929 2298 5948 ,
2309 5883 2317 5900 ''

1928 6043 1966 6124 e

1313 4593 1317 4604 .
1351 4532 1569 4604 nestissimae
1588 4534 1731 4624 coniugi
1747 4557 1846 4617 suae,
1872 4532 2085 4602 dulcissimis
2108 4532 2250 4615 liberis,
2273 4525 2344 4600 llio-
2373 4571 2377 4576 ·
2466 4587 2473 4598 ,

2455 5505 2505 5580 'tib
