5325 6917
372 729 375 733 Ι
416 614 493 701 ate
992 551 1431 695 urtsronxnuu

423 798 558 880 omnia,
585 808 619 864 et
634 795 673 863 in
687 790 844 864 Ecclesia
861 792 1027 861 novimus
1041 815 1162 861 causas
1177 815 1292 861 veras:
1325 788 1414 861 Phi-

422 894 584 988 losophia
604 898 755 985 ignorat.
813 893 1070 981 †Quaeramus
1097 906 1214 962 autem
1245 894 1416 983 exempla,

1486 618 1593 697 LIB.
1631 618 1696 699 lx.
1747 556 1881 698 tais.
2054 698 2059 707 ,
2380 614 2463 694 244

1488 786 1719 893 Philippo
1741 785 2116 864 Melanehthoni
2135 780 2422 885 Joachiumus

1736 889 2042 966 Camerarius
2075 895 2112 965 S.
2136 892 2182 966 D.

424 993 589 1093 quae”'²)
604 996 701 1067 Deus
718 996 906 1114 prppssnit2
930 1007 965 1063 el
982 996 1082 1113 5¹¹th
1098 994 1342 1083 1)Ῑὸεἰάεῐεπθ
1358 1020 1420 1106 ὅθ’,
1464 1004 1558 1098 Non
1594 1025 1783 1094 offendisse
1817 1041 1850 1096 te
1883 1028 2081 1096 libertatem
2111 1048 2226 1093 meam
2259 1021 2457 1097 satiserat.

424 1123 587 1170 rumnas:
626 1111 660 1167 et
685 1098 871 1186 pollicetur
894 1119 930 1165 se
951 1097 1056 1180 nobis
1084 1097 1290 1166 adiuturum
1325 1120 1417 1181 esse,
1468 1122 2460 1223 qdvem1n1110r151u35*)fuitiucundissimum‚quod

427 1198 542 1282 †cum
559 1195 650 1297 ipsis
664 1195 820 1294 sum''¹³)
840 1195 879 1266 in
897 1193 1155 1280 tribulatione,
1184 1198 1313 1290 inquit.
1348 1196 1420 1266 Be-

429 1324 475 1371 ne
497 1301 596 1385 vaste,
628 1297 834 1370 charissime
859 1295 1079 1370 Bernharde.
1128 1298 1250 1368 Pridie
1271 1298 1422 1384 Nicolai,

402 1397 537 1471 ‘Anno
554 1401 704 1473 Domini
720 1396 830 1474 1543.

432 1743 496 1817 No.
513 1745 627 1822 2810.

437 1841 610 1871 W

1294 1757 1328 1817 7.
1345 1747 1419 1813 Deo.

1286 1842 1420 1872 Μ

704 1928 856 2012 Ioucls.
890 1924 1149 2014 Camerario.

501 2103 586 2176 Epist.
600 2104 636 2159 ad
650 2104 787 2162 Camerar.
804 2124 831 2177 p.
843 2103 896 2158 440
905 2122 945 2174 sq.
965 2102 1018 2172 (ed.
1032 2103 1120 2157 Lond.
1135 2102 1183 2173 tV,
1200 2120 1243 2175 ep.
1257 2101 1329 2171 sto.)

432 2252 657 2331 Clarissimo
684 2260 780 2347 viro,
818 2258 964 2356 egregio
998 2256 1200 2329 eruditione
1231 2266 1262 2325 et
1296 2255 1424 2326 uirtute

429 2359 600 2459 praedito
618 2358 862 2432 lonchimo
883 2356 1171 2447 Camerario,
1197 2353 1428 2456 Papergensi

714 2489 834 2535 amico
849 2489 916 2533 suo
933 2486 1143 2543 carissimo,

434 2578 478 2667 S·
504 2598 549 2674 D.
601 2600 772 2670 Libenter
794 2600 865 2689 legi
897 2597 1182 2685 obiurgationem
1204 2608 1320 2680 tuam,
1355 2618 1423 2687 qua

433 2721 549 2770 meam
563 2701 785 2791 asperitatem
801 2722 952 2783 accusas,
974 2711 1010 2766 et
1025 2692 1170 2765 Sabino
1187 2709 1348 2764 amanter
1361 2720 1425 2785 pa-

354 2846 358 2853 .
391 2832 395 2842 ·
434 2801 631 2869 trocinaris.
683 2798 802 2867 Velim
826 2823 908 2888 saue
934 2821 1051 2889 posses
1075 2798 1113 2864 in
1135 2791 1201 2864 hac
1222 2819 1342 2865 caussa
1356 2793 1424 2867 τὸν

433 2897 533 2994 ἥττω
560 2894 672 2999 λόγον
696 2895 851 2995 κρείττω
883 2901 1011 2972 ποιεῖν.
1079 2896 1171 2965 Nam
1193 2909 1228 2964 et
1251 2920 1313 2985 ego
1337 2898 1424 2966 scri-

434 3003 546 3072 bendi
571 3003 736 3072 facultate
753 3002 908 3091 primum
929 3014 1068 3091 captus,
1094 2997 1241 3085 diligere
1264 3022 1345 3067 eum
1367 3005 1435 3066 ce-'

432 3104 489 3195 pi,
515 3117 550 3172 et
571 3127 668 3171 nunc
692 3116 838 3193 propter
859 3102 1065 3171 affinitatem
1087 3123 1168 3167 vere
1191 3111 1225 3167 et
1248 3098 1422 3168 exanimo

433 3229 525 3277 amo.
578 3203 692 3273 Video
708 3203 833 3282 etiam,
860 3226 949 3294 quae
973 3203 1044 3269 sint
1067 3201 1107 3267 in
1129 3223 1169 3268 eo
1194 3200 1422 3269 adumbratae

433 3306 601 3387 virtutes,
631 3328 690 3387 ac,
720 3305 834 3372 donec
858 3304 994 3385 vivam,
1021 3301 1152 3370 iuvabo
1178 3323 1243 3390 pro
1275 3301 1423 3371 viribus.

434 3404 505 3474 Sed
528 3428 603 3487 me,
630 3416 672 3472 ut
693 3403 815 3485 video,
847 3402 1119 3493 quodam'tristi
1142 3402 1233 3485 fato,
1262 3414 1298 3469 et
1323 3425 1423 3470 exer-

435 3517 587 3572 cuerunt
609 3517 644 3572 et
664 3516 825 3571 exercent
845 3502 1047 3571 liberorum
1083 3525 1192 3571 casus.
1244 3501 1352 3590 Quod
1382 3516 1421 3572 ut

433 3604 573 3691 mitiget
581 3602 677 3673 Deus
692 3627 773 3687 oro,
799 3626 883 3686 nec,
904 3617 945 3672 ut
961 3604 999 3670 in
1015 3602 1155 3671 Psalmo
1172 3604 1317 3673 dicitur:
1346 3603 1422 3673 To-

401 3751 407 3755 ·
435 3719 506 3774 tam
533 3706 622 3773 iram
647 3727 744 3773 suam
769 3704 946 3776 accendat.
996 3702 1147 3771 Hodiea
1166 3698 1312 3773 Sabino
1325 3705 1419 3775 litte-

434 3830 490 3875 ras
516 3818 668 3896 expecto.
726 3804 835 3874 Mitto
868 3805 936 3885 tibi
964 3806 1132 3895 scriptum
1151 3803 1422 3894 Germanicum,

434 3909 478 3975 de
513 3931 583 3999 quo
618 3906 721 3998 cupio
756 3931 835 3974 curn
862 3899 1062 3975 Laterensi·
1093 3906 1274 3980 disserere.
1329 3906 1420 3976 Nam

432 4002 587 4102 ὁρισμὸς
612 4008 876 4076 constituendus
900 4021 952 4076 est
971 4011 1035 4099 τῆς
1048 4011 1205 4088 παλαιᾶς
1225 4002 1419 4100 διαθήκης,

432 4110 478 4178 de
501 4133 571 4201 quo
596 4134 616 4177 a
639 4109 851 4201 quibusdam
872 4108 994 4176 amicis
1010 4110 1191 4180 dissentio.
1241 4108 1323 4178 Non
1341 4110 1421 4202 qui-

433 4211 514 4279 dem
530 4213 624 4302 quod
637 4212 681 4279 ad
698 4233 870 4279 summam
885 4209 1019 4298 negotii
1034 4210 1171 4293 attinet,
1196 4213 1257 4279 sed
1273 4212 1356 4303 quia
1374 4212 1419 4305 ad

431 4312 684 4402 proprietatem
722 4325 757 4381 et
796 4310 1064 4401 explicationem
1099 4311 1234 4403 aliquid
1264 4312 1419 4383 interest.
1447 4380 1451 4387 ,

430 4409 528 4482 Haec
550 4414 702 4482 scribere
731 4411 846 4496 malo,
879 4435 985 4504 quam
1008 4409 1148 4501 Regum
1181 4413 1421 4503 expeditiones

433 4512 567 4582 inanes.
619 4511 716 4583 Bene
730 4514 827 4598 vale,
852 4512 887 4582 7.
903 4512 1070 4585 Decemb.

986 4608 1176 4705 Philippus
1193 4612 1371 4687 Melanth.

1467 1224 1559 1296 hanc
1583 1230 1626 1295 de
1652 1229 1756 1297 etiam
1782 1228 1969 1299 delectasse
1994 1230 2129 1299 scribis.
2180 1224 2255 1317 Ego
2278 1235 2383 1311 ve'ro,
2407 1226 2461 1295 mi

1468 1330 1672 1399 suavissime
1712 1326 1896 1421 Philippe,
1939 1331 2063 1423 quanti
2096 1330 2222 1399 faciam
2265 1328 2459 1398 amicitiam

1469 1443 1585 1514 tuam,
1617 1455 1712 1499 nunc
1736 1455 1811 1499 non
1836 1432 1969 1512 dicam,
1996 1434 2057 1500 secl
2081 1432 2118 1499 in
2136 1426 2202 1500 hac
2227 1431 2270 1498 de
2293 1429 2361 1498 fide
2377 1452 2459 1499 mea

1469 1532 1647 1624 persuasio
1661 1546 1720 1601 tua
1739 1528 1829 1599 mihi
1844 1534 2015 1602 maximae
2031 1557 2168 1622 semper
2189 1532 2256 1599 suit
2272 1530 2462 1624 voluptati,
2481 1598 2487 1603 .

1469 1657 1538 1725 qua
1570 1656 1632 1721 ego
1661 1634 1886 1702 confirmatus
1917 1625 2316 1726 παῤῥησιαστικώτερος
2345 1634 2460 1704 inter-

1470 1737 1555 1804 dum
1571 1756 1649 1803 sum
1662 1735 1700 1801 in
1716 1735 1828 1802 literis
1846 1748 1949 1827 atque
1966 1759 2039 1803 esse
2056 1735 2162 1803 alicui
2182 1736 2310 1804 debere
2324 1734 2460 1808 videar.

1471 1833 1618 1926 lpsaque
1635 1835 1696 1903 illa
1711 1835 1871 1904 libertate
1879 1831 2459 1930 iupthduivsuaviteracquiesco.

1471 1934 1578 2023 Quod
1596 1950 1712 2005 autem
1727 1949 1807 2004 tuos
1823 1961 1945 2005 omnes
1960 1962 2056 2020 amo,
2080 1938 2129 2005 ita
2146 1932 2237 2004 milri
2260 1938 2372 2006 facere
2391 1961 2461 2007 ne-

1471 2060 1562 2105 cesse
1577 2050 1639 2112 est.
1691 2035 1837 2106 Utinam
1853 2038 1963 2107 ‘etiam
1986 2039 2150 2128 perficere
2167 2040 2314 2129 possim,
2340 2052 2380 2109 ut
2396 2038 2461 2107 illi

1470 2138 1752 2206 benevolentiam
1766 2128 1846 2227 erga
1863 2163 1899 2208 se
1915 2164 2028 2207 meam
2043 2140 2257 2207 fructuosam
2273 2139 2461 2230 experian-

1472 2239 1540 2310 tur}
1592 2237 1662 2308 Sed
1686 2241 1729 2307 de
1749 2234 1805 2306 bis
1827 2241 1920 2312 satis.
1970 2237 2103 2329 Epecto
2130 2264 2226 2308 nunc
2249 2238 2366 2309 literas
2379 2234 2459 2307 So-

1472 2335 1555 2407 bini
1576 2339 1706 2423 nostri,
1737 2340 1795 2409 cui
1818 2353 1935 2408 tamen
1961 2336 2064 2424 binc,
2091 2340 2122 2407 si
2143 2340 2277 2409 interea
2302 2342 2459 2411 occasio-

1470 2464 1552 2507 nem
1579 2439 1744 2509 mittendi
1772 2454 1895 2511 nactus
1916 2443 2035 2525 fuero,
2067 2441 2217 2511 scribere
2240 2465 2317 2510 non
2343 2442 2459 2511 inter-

1470 2541 1619 2612 mittam.
1876 2540 1882 2545 ’
2137 2619 2142 2625 ,

1571 2639 1675 2710 Nunc
1705 2642 1749 2708 de
1775 2639 1956 2732 republica
1987 2641 2123 2735 aliquid
2151 2641 2299 2712 scribere
2331 2643 2461 2717 statui.
2474 2668 2480 2678 ²

1471 2740 1541 2809 Fui
1567 2764 1693 2830 nempe
1721 2735 1799 2810 heri
1827 2742 1921 2831 apud
1945 2745 2157 2830 praefectum
2180 2758 2360 2829 nostrum,
2394 2745 2463 2837 qui

1470 2842 1606 2934 aliquot
1629 2837 1733 2911 boras
1756 2842 1926 2912 absumsit
1956 2845 2158 2915 narratione
2181 2844 2360 2936 ‚temporis
2388 2845 2461 2915 acti

1470 2943 1608 3025 verius,
1649 2967 1755 3034 quam
1780 2968 1897 3011 rerum
1921 2930 2133 3030 gestarums
2165 2940 2374 3014 Dureusem
2400 2946 2461 3016 di-

1470 3036 1735 3139 reptionem”)
1763 3044 1810 3112 ita
1832 3044 2059 3129 defendebat,
2086 3040 2175 3115 mibi
2199 3049 2461 3138 propemodum

1469 3157 1509 3213 ut
1521 3144 1648 3231 gratia,
1675 3157 1710 3212 et
1733 3140 1900 3213 Geldria‘e
1924 3145 1962 3212 iu
1983 3140 2154 3217 ditionem
2174 3146 2334 3220 Caesaris
2354 3150 2461 3219 reda-

1469 3258 1523 3313 cta
1540 3256 1641 3313 erant
1657 3241 1762 3324 ξένου
1779 3240 1961 3318 e'rvutiov.
2012 3246 2102 3317 Nam
2120 3274 2190 3341 quo
2205 3251 2367 3335 fortuna,
2395 3274 2460 3321 eo.—

1469 3347 1548 3413 dem
1571 3339 1757 3414 bominum
1781 3369 1816 3414 se
1844 3347 1993 3417 inclinat
2015 3372 2090 3423 non
2112 3352 2217 3434 modo
2240 3352 2362 3437 favor,
2394 3353 2461 3421 sed

1469 3447 1539 3514 iam
1554 3446 1666 3515 virtus
1684 3472 1836 3539 qnoque,
1851 3452 1971 3519 ταῦτα
1982 3443 2054 3539 μὲν
2065 3442 2135 3522 οὖν
2150 3456 2314 3524 τοιαῦτα.
2351 3450 2460 3522 Post·
2481 3447 2483 3451 ¹

1468 3571 1508 3615 ea
1529 3561 1737 3637 perventum
1762 3550 1829 3617 suit
1853 3550 1891 3617 in
1917 3564 2049 3633 castra,
2076 3576 2117 3619 eo
2133 3553 2194 3621 ubi
2209 3547 2325 3623 hostes
2342 3577 2458 3645 prope

1468 3650 1647 3732 adessent,
1673 3661 1713 3717 ut
1736 3650 1906 3747 quotidie·
1921 3652 2011 3719 levia
2035 3654 2170 3742 proelia
2186 3654 2325 3739 fierent,
2351 3666 2460 3748 atque

1468 3750 1579 3841 aliqui
1601 3750 1769 3842 utrinque
1793 3764 1828 3820 et
1849 3743 2058 3841 caperentur
2082 3767 2116 3822 et
2137 3779 2218 3823 mox
2238 3756 2460 3826 redimerenss

1467 3864 1544 3932 tur,
1578 3850 1681 3940 pauci
1705 3853 1884 3936 caderent;
1919 3849 2091 3923 uambae
2115 3856 2461 3946 partebellumfuit

1466 3952 1710 4021 bellissimum.
1761 3951 1975 4045 Quicunque
1997 3956 2091 4023 enim
2112 3956 2245 4041 voluit,
2270 3959 2377 4027 etiam
2400 3958 2461 4027 in-

1467 4053 1569 4119 fimus
1586 4054 1625 4120 in
1641 4052 1805 4137 exercitu,
1828 4055 1934 4139 misit,
1959 4079 2039 4123 cum
2054 4056 2170 4140 libuit,
2196 4082 2311 4150 neque
2326 4058 2459 4131 sciente

1468 4176 1582 4244 neque
1598 4154 1823 4243 permittente
1837 4180 2034 4247 quoquam,
2059 4158 2251 4227 tubicinem
2271 4162 2315 4227 de
2331 4162 2460 4230 condi·

1467 4254 1637 4352 tionibus.
1674 4253 1795 4346 ltaque
1813 4257 1903 4346 capti
1918 4257 2056 4326 facilius
2076 4254 2238 4327 homines
2255 4272 2332 4328 tum
2344 4262 2459 4348 fuere,

1469 4379 1573 4447 quarn
1591 4354 1628 4421 in
1645 4347 1833 4444 puerorum
1849 4358 1985 4426 lusibus
2006 4360 2131 4431 solent.
2167 4357 2237 4429 Sed
2255 4361 2361 4451 paulo
2375 4377 2460 4454 post

1467 4455 1583 4523 maior
1604 4457 1714 4525 moles
1738 4478 1856 4526 rerum
1875 4460 1967 4542 visa,
1994 4474 2029 4528 et
2051 4460 2183 4529 iustum
2203 4463 2377 4553 proelium
2392 4490 2460 4559 ap·

1468 4557 1587 4647 parari
1620 4573 1781 4648 coeptum
1816 4561 2020 4652 dictumque
2056 4562 2142 4630 adeo
2178 4575 2315 4653 tempus
2336 4560 2460 4643 huius.

1469 4650 1631 4727 Carolus
1648 4660 1838 4729 exercitum
1861 4661 2028 4731 instruxit
2044 4662 2139 4753 ipse,
2165 4688 2289 4733 omnes
2310 4666 2461 4741 ordines

1398 4841 1417 4849 -
1469 4758 1705 4849 obequitavit,
1737 4783 1862 4846 magna
1884 4763 2062 4832 alacritate
2083 4764 2275 4855 expectavit
2298 4762 2461 4841 hostium

1295 4995 1327 5057 8·
1344 4988 1418 5055 Deo.

1291 5082 1417 5107 M·

432 4977 626 5051 naseu.
703 4958 711 4969 '

435 5074 608 5109 W

629 5104 904 5246 Camerarius
935 5160 998 5243 od
1022 5161 1228 5253 Metuntlt

497 5309 516 5377 †
533 5305 628 5358 Ecorl.
643 5305 696 5359 No.
712 5305 770 5358 125.
783 5304 956 5374 Esslingense
971 5306 1056 5373 pat.
1072 5326 1086 5358 a
1102 5308 1172 5361 Dm.
1183 5307 1299 5377 Ptattio,
1317 5304 1416 5367 sinodi·

528 5371 657 5447 δασκᾶλῳ
676 5373 839 5442 Esslingensi
856 5371 936 5427 nobis
949 5374 1095 5445 descripta.

428 5533 646 5548 ——u—

463 5654 508 5717 12)
530 5649 627 5704 Αᾶιὶὶἆῑ
642 5668 672 5703 ex
686 5658 748 5704 mat.

462 5734 505 5808 tt)
523 5733 625 5789 Addidi
640 5753 668 5787 er
685 5742 762 5796 inst..
775 5752 825 5804 pro
839 5733 936 5804 quibus
952 5733 1039 5791 Mani.
1054 5734 1149 5789 habete
1165 5735 1257 5806 idque.

1469 4880 1704 4945 congressum.
1731 4858 1801 4929 Sed
1820 4859 1918 4930 Galli
1932 4865 2142 4961 statimpost
2155 4866 2325 4955 crepitum
2348 4869 2459 4941 bom-

1468 4960 1660 5027 bardorum
1700 4962 1948 5050 plaustralium
1987 4989 2060 5035 sese
2097 4967 2136 5035 in
2166 4981 2277 5037 castra
2309 4991 2459 5064 recepe-

1468 5052 1661 5151 runtm),
1687 5075 1722 5131 et
1739 5079 1846 5134 noctu
1871 5067 2123 5151 discesserunt,
2153 5068 2390 5159 sicquidem,
2417 5088 2459 5146 ut

1466 5161 1568 5248 fugae
1583 5162 1748 5231 discessio
1766 5180 1854 5247 esset
1869 5168 2061 5242 simillima.
2112 5168 2204 5238 Nam
2222 5194 2338 5262 neque
2355 5174 2457 5262 sigua

1466 5263 1633 5333 militaria
1655 5266 1829 5348 cecinere,
1863 5284 1899 5339 et
1918 5270 2086 5339 iumentis
2110 5270 2354 5344 tintinnabula
2377 5276 2458 5345 fue-

1472 5470 1474 5473 ·
1485 5470 1667 5479 .-.-.-.-

1497 5574 1525 5638 *l
1543 5574 1595 5645 Ep.
1608 5575 1640 5629 ad
1655 5576 1793 5630 Camerar.
1804 5575 1837 5630 de
1850 5575 1877 5631 7.
1889 5575 1957 5632 Dec.
1971 5577 1998 5634 b.
2012 5597 2036 5637 e.

1496 5658 1538 5726 ttt)
1561 5659 1621 5712 Vid.
1637 5659 1756 5717 Sleidan.
1772 5672 1921 5719 comment.
1937 5662 1985 5717 lib.
2001 5665 2040 5719 15.
2053 5684 2081 5736 p.
2094 5666 2154 5724 482.

1498 5738 1562 5810 ***)
1584 5741 1646 5795 Vid.
1658 5740 1779 5799 Sleidan.
1792 5755 1940 5799 comment.
1954 5765 1982 5817 p.
1998 5747 2059 5803 ⁴35.
