5325 6917
186 713 188 718 ·
300 690 376 767 ros
480 746 486 758 .
871 656 1312 740 aersroaaauu
1361 656 1567 736 maun
1619 653 1755 732 isto.
1949 731 1954 744 ⁸
2048 772 2053 792 ι
2274 647 2384 824 ,gp

299 857 498 954 Prophetae
527 839 819 925 incontaminati,
851 838 975 925 nitidi,
1008 849 1101 908 recte
1127 833 1294 905 enarrati.
1338 832 1480 903 cordiae
1500 825 1793 923 reprehendenda
1813 828 2006 923 pertinacia
2031 817 2084 903 est
2106 830 2351 902 inimicorum

299 966 378 1041 Etsi
395 974 513 1033 autem
527 944 727 1042 Prophetae
743 946 788 1014 de
804 943 908 1011 rebus
925 939 1129 1011 necessariis
1143 960 1294 1007 consen·
1337 930 1542 1023 Evangelii,
1568 948 1602 1002 et
1618 934 1695 1003 sine
1712 936 1816 1025 culpa
1832 947 1916 1006 sunt
1935 948 2028 1005 recte
2043 937 2237 1006 docentes.

299 1071 446 1143 tientem
480 1054 677 1129 doctrinam
711 1056 934 1140 proponunt,
970 1058 1004 1113 et
1035 1039 1177 1130 legendi
1210 1051 1295 1109 sunt
1440 1033 1490 1107 Ut
1503 1049 1621 1106 autem
1635 1057 1750 1105 sermo
1767 1031 1965 1127 Prophetae
1982 1037 2137 1127 intelligi
2156 1035 2297 1129 possit,
2317 1051 2353 1108 et

299 1190 441 1252 omnes,
457 1178 575 1234 tamen
590 1149 675 1223 huic
691 1147 841 1241 tempori
856 1144 990 1215 Hoseas
1005 1143 1193 1232 imaginem
1210 1164 1294 1234 pro-
1339 1137 1377 1205 in
1388 1149 1393 1162 '
1403 1148 1502 1208 tanta
1520 1136 1692 1208 brevitate
1712 1137 1862 1208 varietas
1878 1162 1996 1209 rerum
2013 1141 2128 1230 magis
2141 1138 2352 1230 conspicia-

300 1273 403 1370 ponit
422 1266 525 1336 valde
553 1265 813 1344 congruentem.
874 1246 1072 1338 Utrumque
1095 1244 1189 1314 enim
1212 1243 1295 1334 pin·
1340 1254 1416 1323 tur,
1450 1239 1547 1310 edidi
1579 1240 1839 1311 enarrationem
1869 1236 2073 1311 Reverendi
2107 1239 2156 1315 D.
2191 1239 2349 1311 Martini

300 1378 369 1469 gir,
393 1385 585 1459 regnorum
607 1355 793 1427 interitum
817 1364 851 1419 et
870 1344 1114 1418 Ecclesiastico
1136 1345 1294 1422 dissidia,
1339 1332 1519 1427 Latiari,
1541 1340 1657 1411 Patris
1678 1354 1713 1411 et
1735 1342 1970 1434 praeceptoria
1993 1344 2081 1430 mei,
2110 1366 2202 1414 vera
2216 1343 2350 1435 pietate

300 1493 336 1550 et
357 1493 477 1547 causas
504 1468 775 1536 commemorat,
811 1450 958 1521 Interim
981 1464 1099 1519 tamen
1115 1450 1234 1531 docet,
1259 1458 1296 1515 et
1339 1442 1496 1528 colendi,
1522 1444 1679 1535 primum
1693 1442 1731 1512 in
1747 1442 1889 1533 publica
1904 1445 2143 1537 praelectione
2158 1446 2349 1531 traditam,

301 1600 391 1674 qnae
415 1574 461 1644 sit
483 1564 642 1639 Ecclesia
666 1559 744 1641 dei,
778 1570 812 1625 et
834 1555 1013 1648 quomodo
1042 1551 1214 1621 servanda
1239 1547 1296 1633 sit,
1340 1558 1375 1615 et
1406 1545 1535 1615 aviris
1559 1545 1689 1630 doctis,
1722 1543 1877 1636 Casparn
1902 1539 2103 1641 Crucigero
2126 1561 2164 1618 et
2187 1545 2348 1638 Georgio

301 1678 412 1774 etqui
429 1674 501 1744 sint
515 1668 590 1738 veri
607 1664 722 1735 cultus
738 1660 807 1731 dei.
1337 1639 1528 1732 Rotario,
1553 1672 1593 1718 ac
1608 1671 1628 1715 a
1645 1671 1699 1716 me
1715 1647 1917 1733 collectam,
1932 1673 2022 1742 quae
2037 1662 2233 1743 postquam
2251 1675 2273 1720 a
2291 1675 2346 1721 me

400 1776 468 1848 llis
481 1761 825 1867 praemonitionibus
841 1772 875 1829 et
886 1754 1188 1827 consolationibus
1203 1762 1302 1834 certe·
1339 1750 1466 1818 ordine
1495 1749 1624 1840 scripta
1647 1762 1715 1834 est,
1744 1762 1817 1819 tota
1838 1750 1884 1819 ab
1900 1747 2037 1821 Autore
2059 1753 2142 1843 ipso
2160 1753 2348 1843 recognita

301 1882 370 1956 hoc
396 1896 555 1968 tempore
576 1870 679 1940 valde
702 1887 790 1954 opus
815 1877 885 1944 est,
919 1884 1000 1929 cum
1023 1871 1058 1928 et
1081 1853 1295 1925 vastationes
1340 1865 1402 1923 est.
1454 1849 1575 1939 Quare
1600 1851 1712 1921 sciant
1732 1851 1898 1935 lectores,
1923 1846 2019 1923 bunc
2043 1854 2349 1926 commentarium

300 2007 448 2075 magnae
464 1995 654 2066 regnorum
675 1979 760 2037 sunt
781 1965 818 2032 iu
837 1972 1045 2051 conspectu,
1069 1971 1104 2026 et
1118 1977 1294 2050 quaeren-
1338 1944 1495 2051 γνήσιον
1521 1950 1724 2024 Reverendi
1744 1949 1790 2027 D.
1808 1950 1958 2023 Martini
1974 1950 2128 2027 Lutheri
2142 1980 2243 2049 opus
2263 1980 2348 2043 esse,

301 2091 387 2161 dum
411 2085 474 2167 sit,
495 2103 541 2149 an
565 2074 619 2144 illi
637 2071 709 2140 sint
723 2063 882 2137 Ecclesia
900 2063 978 2146 dei,
1012 2061 1075 2154 qui
1098 2084 1178 2128 cum
1198 2053 1296 2126 bunc
1341 2058 1436 2149 quod
1460 2054 1605 2147 quidem
1628 2079 1702 2124 uon
1719 2055 1845 2125 dubito
1869 2056 2017 2127 eruditis
2030 2071 2066 2129 et
2083 2057 2156 2151 piis
2171 2060 2346 2130 omnihus

301 2190 447 2264 titulum
471 2180 540 2251 sibi
562 2184 746 2263 arrogent,
777 2183 895 2238 tamen
921 2162 1157 2253 Evangelium
1181 2158 1296 2228 mani·
1340 2157 1578 2247 gratissimum
1602 2158 1689 2230 fore.
1741 2154 1879 2226 Multae
1895 2172 1980 2230 sunt
2000 2160 2097 2229 enim
2113 2161 2155 2230 in
2168 2154 2245 2232 hoc
2260 2158 2348 2232 Prn-

300 2295 387 2363 feste
402 2292 619 2380 oppugnant,
638 2290 672 2346 et
687 2273 803 2365 palam
820 2266 1006 2339 stabiliunt
1023 2265 1203 2334 idolorum
1219 2260 1297 2331 cul·
1341 2253 1446 2351 pheta
1460 2258 1649 2329 conciones
1666 2259 1790 2328 breves
1814 2272 1848 2327 et
1864 2272 2063 2342 truncatae,
2091 2263 2233 2337 mulsae
2257 2264 2349 2353 figu-

302 2411 379 2479 tus,
404 2403 438 2460 et
454 2389 600 2475 insuper
613 2379 752 2448 addunt
769 2370 956 2465 parricidia
980 2364 1166 2438 hominum
1190 2364 1297 2431 inno-
1341 2384 1400 2430 rae
1422 2384 1462 2429 ac
1486 2354 1630 2451 phrases
1652 2382 1796 2452 prorsus
1820 2361 1956 2431 alienae
1977 2386 1998 2432 a
2021 2363 2137 2433 latino
2161 2376 2199 2436 et
2220 2380 2347 2436 nostro

302 2510 463 2576 centum,
478 2508 567 2583 quos
582 2496 721 2554 tantum
735 2488 880 2569 propter
895 2495 997 2539 verae
1014 2468 1195 2540 doctrinae
1210 2487 1297 2533 con·
1341 2486 1513 2535 sermone.
1571 2458 1619 2531 Et
1641 2462 1712 2530 loci
1736 2462 1842 2531 multi
1864 2478 1964 2548 sunt,
1993 2465 2056 2558 qui
2077 2489 2138 2536 res
2157 2466 2349 2538 continent

301 2598 491 2669 fessionem
512 2585 742 2658 interficiunt.
802 2572 853 2644 lli
874 2573 1020 2641 audiant
1044 2571 1181 2639 fulmen
1203 2565 1297 2635 divi·
1342 2567 1386 2633 de
1410 2563 1634 2633 invocatione
1657 2561 1743 2648 Dei,
1767 2565 1811 2633 de
1833 2566 2074 2637 consolatione
2096 2568 2249 2659 piorum
2270 2592 2351 2639 non

302 2723 370 2770 nae
386 2695 482 2765 vocis
496 2691 537 2759 in
550 2684 658 2757 huius
677 2673 869 2770 prophetae
884 2673 1133 2744 concionibus:
1161 2667 1245 2761 qnia
1258 2680 1294 2737 tu
1342 2665 1536 2736 intellectas
1565 2665 1635 2733 nisi
1668 2665 1791 2756 peritis
1816 2666 2007 2743 mentibus.
2065 2665 2154 2740 ldeo
2179 2694 2277 2762 opus
2298 2685 2353 2742 est

304 2796 489 2872 scientiam
518 2783 703 2879 repulisti,
737 2778 907 2871 repellam
941 2789 997 2860 te,
1031 2797 1076 2843 ne
1102 2770 1296 2842 sacerdotio
1342 2768 1534 2859 interprete
1551 2766 1690 2838 erudito
1706 2780 1741 2837 et
1755 2768 1890 2837 dextro
1942 2766 1996 2839 Ac
2011 2770 2166 2841 subinde
2182 2774 2353 2844 accendit

303 2898 463 2990 fungaris
477 2887 587 2973 mihi,
613 2901 648 2957 et
669 2883 752 2977 quia
771 2879 882 2952 oblita
905 2899 942 2947 es
958 2876 1044 2967 legis
1059 2873 1118 2945 dei
1133 2871 1207 2957 tui,
1232 2872 1299 2942 ob-
1343 2872 1430 2940 dens
1452 2870 1588 2938 donum
1610 2869 1914 2961 interpretationis
1936 2871 1975 2940 in
1997 2869 2178 2958 Ecclesia,
2205 2889 2253 2945 ut
2269 2855 2374 2947 mr·—

304 3004 447 3074 liviscar
476 2995 631 3064 filiorum
666 3002 809 3058 tuorum
845 2993 880 3050 et
911 3002 986 3069 ego.
1051 2975 1299 3046 Denunciatur
1343 2996 1403 3043 sus
1417 2972 1486 3061 legi
1504 2984 1538 3041 et
1555 2970 1707 3061 intelligi
1722 2967 1930 3063 prophetica
1946 2989 1982 3045 et
1996 2975 2196 3067 apostolica
2216 2978 2351 3071 scripta

302 3128 417 3200 poena
432 3097 595 3170 omnium
612 3087 811 3162 tristissima
826 3082 1050 3164 doctoribus,
1076 3077 1139 3172 qui
1163 3077 1297 3148 abiecta
1342 3074 1489 3168 possint.
1539 3069 1631 3143 Cum
1644 3087 1763 3144 autem
1780 3096 1835 3143 res
1850 3074 1926 3166 ipsa
1939 3076 2127 3169 loquatur,
2153 3079 2352 3152 dexterita-

303 3209 379 3298 lege
403 3204 462 3274 dei
485 3201 651 3269 audacter
674 3211 754 3261 suas
769 3188 937 3281 quasdam
954 3182 1141 3276 opiniones
1156 3180 1199 3247 de
1218 3180 1300 3261 deo,
1343 3190 1413 3247 tem
1431 3173 1593 3243 eximiam
1612 3198 1684 3246 esse
1699 3171 1745 3244 Ι).
1760 3167 1924 3245 Lufheri
1937 3178 1976 3247 in
1991 3182 2219 3267 enarrando,
2238 3196 2276 3252 et
2288 3183 2351 3253 lu·

304 3326 338 3382 et
354 3330 415 3376 sua
431 3301 581 3371 numina
596 3297 754 3383 fingunt,
779 3302 819 3359 ut
833 3287 1010 3356 finremnt
1026 3278 1193 3352 Thebani
1208 3277 1300 3348 Bac-
1344 3290 1419 3347 ceat
1435 3277 1475 3345 in
1491 3299 1531 3346 eo
1547 3277 1680 3347 donum
1699 3277 2017 3370 interpretationis,
2042 3306 2117 3374 quo
2135 3283 2270 3354 multos
2286 3308 2350 3354 ar-

305 3389 433 3487 chum,
460 3397 571 3469 Attici
588 3392 773 3475 Cererem,
798 3384 932 3480 Delphi
955 3382 1159 3469 Phoebum,
1183 3377 1299 3475 Phry·
1344 3379 1474 3450 ticulos
1504 3379 1685 3449 doctrinae
1707 3377 1896 3470 Evangelii
1923 3396 2026 3452 antea
2048 3407 2142 3475 pene
2171 3386 2349 3457 extinctos
2393 3457 2395 3466 ,

305 3532 365 3602 ges
379 3492 741 3599 Cybelen‚'Aegyptii
761 3492 888 3559 bovem
904 3486 1021 3579 Apin,
1047 3487 1199 3578 denique
1215 3483 1298 3552 nul·
1343 3481 1549 3565 renovavit,
1575 3494 1609 3551 et
1632 3475 1894 3572 Prophetarum
1919 3507 1959 3554 ac
1977 3478 2239 3576 Apostolorum
2259 3512 2350 3559 con-

305 3614 363 3682 lus
384 3606 465 3677 finis
486 3601 555 3671 fnit
579 3610 641 3668 aut
663 3608 714 3665 est
736 3603 798 3661 aut
823 3590 890 3658 erit
907 3589 1064 3676 fingendi
1082 3586 1299 3678 corruptelas
1345 3585 1464 3654 cinnes
1480 3583 1584 3653 nobis
1598 3584 1777 3674 patefecit,
1803 3585 1992 3673 diligenter
2010 3587 2086 3657 eius
2099 3591 2349 3661 enarrationes

305 3735 410 3783 verae
432 3698 668 3777 invocationis
688 3694 763 3779 dei,
789 3692 902 3761 donec
923 3689 1017 3757 filius
1034 3687 1103 3757 Dei
1126 3689 1241 3780 palam
1263 3710 1300 3755 se
1345 3685 1559 3775 colligendas
1584 3698 1619 3755 et
1634 3685 1679 3754 ad
1701 3685 1939 3777 posteritatem
1958 3691 2251 3762 transmittendas
2273 3716 2349 3763 esse

307 3813 470 3888 ostendet
486 3804 652 3876 universo
668 3794 824 3868 humano
840 3791 960 3883 generi
975 3791 1189 3861 resuscitatis
1205 3814 1302 3858 mor-
1346 3801 1474 3861 statuo.
1532 3784 1615 3856 Non
1637 3800 1904 3857 contemnamus
1919 3790 2056 3861 domim
2080 3793 2155 3876 dei,
2179 3816 2247 3861 nec
2262 3794 2345 3863 exi-

306 3917 390 3991 tuis.
448 3908 499 3983 Ut
517 3919 635 3976 autem
660 3899 758 3972 Deus
779 3920 865 3965 voce
886 3908 921 3964 et
951 3892 1147 3962 ministerio
1164 3889 1301 3959 Hoseae
1346 3891 1528 3981 stimemus
1561 3882 1725 3958 homines
1755 3904 1978 3980 arrogantes,
2014 3892 2078 3986 qui
2107 3887 2173 3963 hoc
2200 3894 2347 3965 donum

308 4034 394 4091 tunc
423 4009 562 4083 taxabat
587 4000 863 4074 sacrificulorum
891 3997 1047 4075 furores,
1080 4018 1144 4064 nec
1166 3989 1301 4061 Hoseas
1347 4004 1597 4073 contemnunt,
1631 3991 1827 4084 quamlibet
1855 3993 2076 4083 ingeniosos,
2112 3994 2231 4066 statim
2255 3998 2347 4068 tales

309 4119 442 4191 iniuste
455 4110 624 4191 faciebat,
640 4102 737 4198 quod
754 4125 772 4168 a
787 4098 1088 4187 gubernatoribus
1105 4110 1138 4165 et
1155 4094 1303 4164 ordina·
1348 4094 1558 4184 interpretes
1579 4093 1666 4166 fore.
1716 4090 1900 4165 lnsulsitas
1923 4109 1992 4180 est,
2011 4097 2221 4169 'attribuere
2247 4113 2349 4192 pote-

308 4223 362 4295 ria
376 4226 564 4313 potestate,
583 4222 625 4280 ut
641 4228 738 4275 nunc
753 4202 951 4294 loquuntur
968 4194 1150 4281 homines,
1166 4197 1304 4266 dissen-
1348 4207 1472 4265 statem
1489 4194 1747 4286 interpretandi
1761 4193 1993 4267 Pontificibus
2010 4213 2157 4290 propter
2170 4200 2295 4272 locum
2310 4226 2346 4272 ac

309 4326 438 4407 tiebat,
458 4316 510 4388 lta
525 4309 594 4383 hoc
609 4325 769 4399 tempore
785 4326 865 4373 cum
880 4297 1163 4389 voceEvangelii
1180 4312 1304 4369 taxan-
1348 4297 1512 4381 titulum,
1537 4320 1618 4365 cum
1633 4297 1818 4369 manifeste
1833 4299 1929 4369 dicat
1945 4297 2094 4370 Paulus:
2120 4299 2287 4396 ψυχικὸς
2306 4296 2346 4376 δὲ
2367 4333 2377 4344 ·

310 4443 370 4500 tur
389 4425 477 4494 falsa
498 4415 647 4487 numina
670 4424 705 4481 et
730 4429 858 4500 pravae
881 4403 1139 4487 invocationes,
1172 4425 1305 4481 veram,
1350 4397 1553 4493 ἄνθρωπος
1567 4394 1612 4469 οὐ
1627 4393 1770 4490 δέχεται
1784 4394 1831 4471 τὰ
1844 4406 1913 4473 τοῦ
1927 4393 2137 4494 πνεύματος
2154 4409 2226 4477 τοῦ
2241 4405 2347 4490 θεοῦ,

309 4514 743 4608 iustam,etnecessariam
760 4504 1307 4579 habemuscansamdissentien-
1349 4496 1475 4596 μωρία
1491 4496 1566 4600 γὰρ
1582 4497 1686 4595 αὐτῷ
1704 4500 1780 4572 ἐστι
1797 4516 1862 4573 etc.
1915 4500 2133 4574 Donum'dei
2151 4520 2224 4592 est,
2251 4509 2343 4603 quod

311 4630 351 4701 di
363 4628 409 4696 ab
426 4624 483 4708 iis,
496 4620 559 4714 qui
573 4642 653 4688 cum
662 4624 811 4705 regnant
826 4611 864 4677 in
871 4605 1042 4692 Ecclesia,
1057 4623 1174 4679 tamen
1184 4607 1304 4674 decre·
1350 4604 1506 4693 Spiritus
1519 4615 1656 4672 sanctus
1674 4603 1712 4670 in
1729 4604 1797 4695 piis
1812 4606 2008 4689 mentibus,
2023 4631 2113 4700 quae
2130 4621 2258 4679 tamen
2275 4624 2345 4681 stn-

311 4725 531 4815 tasanguine
548 4719 724 4800 scribunt,
750 4728 784 4783 et
801 4712 981 4781 saevitiam
1007 4711 1159 4779 alienam
1174 4709 1219 4778 ab
1234 4702 1306 4777 Ec·
1350 4706 1409 4776 dia
1425 4705 1565 4788 colunt,
1589 4706 1760 4776 accendit.
1813 4704 1884 4777 Sed
1899 4701 2061 4777 homines
2077 4709 2237 4800 politici,
2265 4726 2305 4784 nt
2316 4712 2346 4783 si

312 4831 418 4906 clesia
452 4832 628 4900 exercent,
678 4830 718 4884 ut
741 4838 877 4882 errores
910 4828 943 4883 et
974 4814 1070 4882 idola
1100 4811 1304 4881 defendant.
1350 4810 1393 4876 de
1408 4807 1523 4894 legum
1540 4801 1775 4877 humanarum
1792 4806 2086 4899 interpretatione
2102 4810 2347 4905 loquerentur,

313 4934 407 5008 Cum
431 4927 539 5017 igitur
561 4916 658 4990 hunc
678 4911 886 5008 prophetam
901 4916 1061 5004 legimus,
1092 4939 1173 4983 cum
1193 4912 1304 5002 ipsius
1350 4908 1550 4986 somniant,
1585 4920 1790 4997 potestatem
1816 4934 1890 4979 esse
1915 4926 2010 4983 certo
2027 4913 2133 4983 titulo
2156 4914 2349 5007 alligatam,

314 5061 381 5108 nos
406 5027 584 5117 exemplo,
605 5036 682 5093 tum
705 5028 921 5087 caeterorum
944 5011 1198 5105 prophetarum
1218 5035 1304 5080 con·
1350 5009 1574 5101 interpretari
1598 5010 1691 5080 dicta
1721 5012 1903 5096 coelestia,
1944 5038 2089 5108 eamque
2118 5040 2271 5108 prorsus
2301 5019 2350 5089 sic

316 5138 444 5211 stantia
459 5129 702 5207 consolemur,
716 5142 783 5189 nec
799 5117 1005 5205 frangamur
1022 5115 1307 5183 adversariorum
1351 5124 1522 5196 exercent,
1535 5113 1622 5182 utin
1632 5113 1974 5203 proverbiodicitur:
1991 5117 2206 5208 clave-ligna
2220 5133 2349 5204 secant,

315 5227 857 5328 arrogantia,quivociferantur,
872 5217 1061 5288 seditiosos
1077 5239 1150 5285 esse
1165 5231 1198 5286 et
1213 5218 1305 5286 faces
1350 5214 1464 5284 securi
1481 5229 1598 5285 autem
1614 5215 1707 5285 fores
1723 5217 1897 5308 aperiunt.
1947 5215 2157 5310 Excerpunt
2175 5221 2291 5305 dicta,
2315 5237 2351 5294 et

315 5338 573 5417 discordiarum
591 5332 669 5423 pios
689 5330 871 5405 doctores,
897 5321 960 5412 qui
981 5318 1169 5389 ministerii
1183 5316 1306 5389 Evan·
1351 5316 1536 5406 adfingunt
1563 5317 1870 5408 interpretationes
1900 5319 1943 5388 ad
1981 5322 2214 5392 stabiliendas
2246 5324 2353 5395 falsas

317 5446 420 5541 gelici
443 5435 630 5510 autoritate
647 5442 768 5500 taxant
789 5447 935 5495 errores.
985 5420 1069 5492 Non
1086 5423 1221 5512 agimus
1239 5445 1305 5490 no·
1351 5418 1553 5510 opiniones:
1598 5419 1647 5489 ita
1673 5421 1823 5490 securim
1852 5422 2038 5512 proferunt
2068 5424 2112 5493 ad
2142 5424 2240 5495 fores
2271 5451 2351 5519 ape·

316 5566 424 5623 stram
449 5560 606 5616 causam,
629 5534 690 5600 sed
713 5529 855 5600 divinae
878 5524 975 5594 vocis
998 5523 1154 5594 ministri
1174 5547 1307 5608 sumus,
1351 5522 1505 5593 ciendae.
1555 5517 1694 5590 Deinde
1719 5547 1799 5591 cnm
1824 5525 2021 5593 enarranda
2050 5538 2101 5594 est
2124 5550 2209 5616 pars
2231 5529 2354 5624 aliqua

316 5677 397 5734 seu,
420 5658 462 5716 ut
481 5637 640 5732 Baptista
662 5632 798 5725 inquit,
829 5651 951 5700 sumus
972 5650 1039 5696 vox
1063 5624 1245 5695 clamitans
1261 5625 1308 5700 {in
1353 5622 1534 5693 doctrinae
1550 5621 1649 5706 fidei,
1671 5618 1764 5692 nibil
1778 5625 1956 5696 dexterius
1972 5627 2167 5719 explicant,
2195 5655 2309 5724 quam
2324 5630 2354 5702 si

318 5758 477 5828 deserto,
509 5753 630 5833 parate
659 5735 752 5803 viam
774 5728 935 5804 Domini.
992 5726 1146 5799 Credere
1175 5728 1240 5797 deo
1274 5740 1309 5797 et
1354 5724 1451 5794 clave
1472 5723 1568 5812 ligna
1584 5723 1718 5793 findere
1737 5740 1920 5800 conentur.
1970 5726 2044 5798 Nec
2065 5741 2209 5799 tantum
2224 5729 2354 5805 Ponti·

316 5849 458 5928 veritati
477 5842 660 5925 homines,
684 5836 817 5907 iustum
842 5846 904 5906 est.
963 5829 1084 5920 Quare
1108 5852 1209 5900 cansa
1233 5828 1307 5900 dis·
1354 5827 1459 5896 ficum
1484 5826 1684 5916 arrogantia
1708 5840 1862 5914 taxetur,
1887 5830 2071 5902 sedetiam
2087 5833 2219 5903 caeteri
2233 5836 2357 5908 stulti·
