5325 6917
301 607 379 730 soi
873 643 1311 725 ueisrouaiiuu
1361 647 1469 727 uie.
1501 646 1572 730 ix.
1624 645 1757 727 iiii.
2176 702 2179 706 .
2265 645 2344 722 sos

307 835 447 909 noster,
478 818 672 896 verissimis
695 844 716 892 a
738 832 774 893 te
795 834 940 892 ornatus
965 820 1151 905 laudibus,
1182 845 1299 915 quoii-
1321 828 1327 891 1
1349 822 1518 894 vitiatum
1539 834 1575 893 et
1595 822 1772 913 potentiae
1795 820 1982 913 splendore
2004 820 2114 911 capti,
2146 819 2280 892 favoris
2306 831 2341 890 et

310 927 394 997 dam
416 925 517 997 dedit
537 923 643 1004 nobis
666 922 850 1017 aliquanto
873 923 1079 1013 pleniorem.
1130 921 1298 992 llocfieri
1350 924 1618 994 existimationis
1642 925 1742 1012 quasi
1766 924 1900 992 viribus
1925 924 2106 993 destitutas
2129 924 2208 992 illas
2228 922 2341 992 imlie-

310 1041 346 1100 te
361 1026 493 1100 sciente
516 1037 552 1095 et
573 1026 816 1115 consentiente
834 1025 982 1095 mirifice
997 1027 1075 1096 vult
1098 1040 1132 1095 et
1149 1026 1300 1108 laborat,
1351 1025 1449 1094 cilles
1476 1039 1510 1094 et
1538 1018 1750 1116 εὐνικήτους
1775 1026 1996 1116 relinquunt.
2053 1022 2144 1093 Nam
2169 1024 2267 1117 quod
2297 1024 2341 1093 sit

312 1142 349 1200 et
371 1128 408 1198 iii
425 1121 493 1197 hoc
514 1148 590 1195 non
610 1138 684 1196 tam
701 1148 897 1196 successum
911 1150 1055 1196 omnem
1070 1126 1237 1196 editionis
1252 1125 1301 1193 si·
1352 1126 1633 1196 adversariomm
1648 1128 1770 1208 robur,
1797 1151 1886 1217 quae
1901 1144 2053 1218 ecquam
2067 1128 2175 1194 densa
2189 1125 2340 1213 agmina,

311 1242 390 1302 tum
412 1250 504 1308 esse,
528 1249 635 1322 qnam
656 1226 950 1297 existimationem
974 1250 1073 1296 suam
1093 1229 1182 1298 verti
1204 1227 1301 1296 arbi·
1352 1249 1442 1321 quae
1464 1226 1623 1297 virorum
1650 1250 1899 1319 armorumque
1931 1227 2137 1311 instructio,
2168 1223 2265 1296 nihil
2291 1239 2341 1295 est

312 1342 438 1402 tratur.
489 1322 659 1420 Confugit
682 1327 790 1417 igitur
812 1330 856 1398 ad
878 1352 956 1414 me,
982 1344 1015 1399 et
1036 1329 1301 1399 intercessorem
1351 1349 1491 1399 necesse
1503 1328 1691 1419 perscribi,
1717 1327 1919 1418 pracsertim
1940 1332 1984 1397 ad
2005 1342 2059 1412 te,
2084 1352 2188 1419 quem
2213 1327 2342 1398 certius

311 1454 370 1500 me
387 1428 456 1499 sibi
472 1449 545 1498 esse
561 1428 703 1521 expetit.
754 1426 981 1523 Quapropter
996 1442 1043 1515 te,
1060 1430 1110 1498 mi
1124 1425 1302 1520 Philipps,
1352 1429 1473 1500 omnia
1492 1453 1598 1523 quam
1613 1430 1737 1513 velles,
1762 1452 1837 1497 noii
1852 1429 2051 1513 audiendo,
2077 1429 2137 1497 sed
2154 1429 2343 1519 experiun-

311 1523 539 1601 vehementer
550 1528 657 1600 etiam
672 1542 776 1624 atque
790 1530 896 1601 etiam
910 1552 1013 1621 rogo,
1037 1529 1194 1622 primum
1208 1527 1248 1598 i'it
1264 1529 1302 1597 iii
1353 1533 1399 1602 do
1417 1531 1628 1621 comperisse
1644 1530 1728 1599 scio.
1779 1525 1897 1622 Atque
1909 1530 2045 1600 utinam
2063 1545 2152 1600 esset
2172 1530 2342 1600 intereos

312 1626 380 1724 liae
393 1654 432 1701 re
450 1623 580 1728 Papae
600 1631 775 1701 desiderio
794 1633 1017 1726 obsequaris,
1042 1631 1171 1701 deinde
1186 1644 1220 1701 et
1234 1631 1303 1699 mi·
1350 1632 1462 1701 modo
1479 1630 1668 1702 concordia
1682 1643 1718 1700 et
1731 1630 1932 1704 animorum
1946 1632 2244 1725 voluntatumque
2256 1655 2342 1702 con-

313 1719 355 1802 hi
368 1732 590 1824 gratificeris,
614 1732 676 1826 qui
693 1732 747 1801 illi
764 1734 895 1825 optime
912 1732 1034 1824 cupio;
1062 1732 1117 1800 vel
1135 1732 1162 1800 si
1178 1745 1217 1802 tu
1235 1731 1303 1799 ali·
1353 1732 1489 1818 sensio,
1514 1755 1667 1825 quorum
1688 1755 1782 1801 unus
1802 1733 1889 1800 ordo
1909 1746 1977 1816 est,
2010 1726 2074 1804 καὶ
2096 1725 2167 1823 μία
2186 1728 2244 1814 τὶς
2262 1727 2342 1804 οἷον

314 1846 370 1904 ter
388 1855 548 1917 censeas,
579 1833 624 1904 de
647 1830 716 1904 hoc
745 1835 851 1903 etiam
880 1858 937 1902 mc
960 1836 1087 1903 reddas
1107 1833 1303 1902 certiorem.
1354 1827 1566 1927 συμμορία,
1588 1856 1704 1926 neque
1723 1833 1761 1900 in
1777 1833 1994 1922 professione
2013 1834 2227 1923 pulcerrima
2250 1833 2342 1926 opti·

313 1933 408 2007 Vale
422 1933 693 2004 misuavissime
705 1930 884 2025 Philipps.
935 1932 1062 2004 Nostra
1079 1934 1208 2003 familia
1223 1958 1304 2025 per·
1354 1957 1494 2006 marum
1513 1934 1712 2004 litterarum
1731 1947 1766 2003 et
1785 1935 1914 2003 artium
1929 1947 2187 2025 usurparentur
2199 1935 2344 2006 alienis-

315 2047 476 2107 amanter
506 2046 542 2104 te
564 2048 599 2107 et
622 2049 837 2106 tuosomues
853 2034 992 2105 salutat.
1044 2034 1097 2104 Te
1119 2059 1203 2103 vero
1226 2034 1305 2104 olli·
1355 2035 1444 2105 sima
1457 2034 1573 2106 studia
1587 2034 1799 2125 pertinaciae
1821 2047 1854 2105 ct
1870 2035 2155 2106 malevolentiae:
2181 2035 2233 2106 ita
2248 2037 2345 2105 enim

315 2134 431 2208 ciosus
449 2132 495 2207 G.
509 2130 636 2204 Comes
652 2149 783 2213 noster.
836 2134 968 2207 lterum
982 2136 1071 2209 vale.
1101 2133 1218 2207 xvii.
1235 2133 1305 2206 Ca·
1354 2137 1484 2206 melius
1501 2137 1559 2206 vel
1583 2137 1741 2230 cedendo
1755 2136 1812 2204 vel
1833 2136 2058 2215 dimicando,
2085 2136 2114 2203 si
2140 2160 2232 2228 opus
2246 2151 2345 2222 esset,

314 2229 439 2308 lendas
459 2232 636 2307 Norcmb.
1355 2238 1507 2307 salutem
1540 2258 1721 2329 possemus
1753 2236 1863 2320 tueri,
1896 2260 1978 2304 iiam
2013 2238 2222 2325 dignitatem
2249 2241 2344 2333 quod
2378 2247 2382 2256 '

1356 2359 1539 2428 speremus
1552 2331 1645 2406 nihil
1661 2350 1729 2418 est,
1754 2361 1860 2428 quam
1875 2360 2018 2427 prorsus
2035 2339 2245 2415 amisimus.
2280 2338 2346 2410 Di-

1357 2439 1405 2511 cit
1418 2451 1539 2509 noster
1552 2437 1640 2510 civis
1648 2432 1913 2521 Demosthenes,
1930 2439 2139 2530 locupletem
2154 2437 2347 2512 esseRem·

1356 2540 1441 2632 pub.
1463 2546 1562 2624 eam,
1587 2561 1677 2633 quae
1700 2540 1864 2608 societate
1886 2553 1920 2609 et
1944 2540 2012 2608 fide
2036 2554 2071 2610 et
2098 2542 2347 2613 benevolentia

1358 2653 1543 2730 augeatur,
1579 2640 1708 2732 quibus
1730 2654 1871 2710 nostrae
1890 2640 1964 2708 fere
1986 2642 2258 2726 communitates
2282 2667 2348 2714 ne·

1359 2763 1537 2834 quaquam
1558 2741 1755 2810 abundant.
1812 2739 1882 2811 Sed
1906 2737 1991 2810 haec
2005 2743 2049 2811 de
2071 2741 2350 2836 quodam'sensu

314 2640 511 2773 Q.

1159 2662 1214 2724 ts.
1234 2654 1306 2719 Oct.

1137 2745 1308 2772 m

585 2844 737 2930 leucii.
763 2842 1020 2935 Comeroiio.

384 3001 509 3059 Primum
533 3003 658 3059 edits‘in
682 3001 775 3057 fronte
797 3003 988 3074 grammaticae
1012 3004 1110 3060 latinas
1129 3004 1216 3079 Mel,
1238 3024 1307 3080 qiias

417 3074 521 3145 prodiit
540 3090 613 3128 suno
635 3071 712 3127 1⁵52.
754 3070 877 3192 Repetite
896 3070 924 3124 iii
945 3072 1014 3127 Mel.
1037 3091 1098 3145 epp.
1116 3075 1149 3128 sd
1170 3074 1308 3132 saisierar.

419 3160 446 3215 p.
460 3140 514 3197 762
526 3159 587 3214 sqq.
603 3140 665 3210 (ed.
679 3139 793 3195 Lond.l
820 3158 885 3209 .ep.
897 3140 980 3204 910.).

316 3286 517 3386 Philippus
538 3281 729 3361 Melanth.
758 3283 788 3357 I
793 3284 1008 3363 oachimo
1031 3285 1308 3367 Camerario

360 3384 589 3484 Pubergsrisi
614 3388 692 3457 viro
718 3385 855 3484 optimo
878 3389 996 3463 amiso
1019 3419 1088 3465 suo
1109 3420 1271 3484 summo,

317 3504 366 3595 S.
390 3518 437 3592 D.
487 3519 582 3591 Sunt
602 3520 747 3615 quidem
762 3518 971 3598 Scholastici
988 3531 1212 3620 magistratus
1229 3533 1309 3625 opi·

319 3624 428 3692 iiione
456 3620 652 3693 multorum
674 3646 790 3717 neque
815 3626 986 3717 dignitate
1010 3647 1243 3721 praestantes,
1273 3648 1309 3706 et

317 3724 483 3794 laborum
502 3735 608 3817 atque
623 3724 862 3816 periculomm
878 3729 1113 3818 singularium
1132 3750 1307 3826 expertes:

318 3821 439 3918 thue
460 3824 645 3896 doctorum
669 3827 842 3918 sapientia
854 3825 972 3922 χολὴν
989 3827 1058 3902 οὐκ
1071 3830 1165 3923 ἔχειν
1188 3831 1308 3927 perhi-

318 3928 439 3997 betur:
466 3925 515 3996 ita
529 3920 660 3998 horum
676 3928 771 3999 inter
784 3929 880 4022 ipsos
894 3931 1153 4004 administratio
1170 3936 1261 4006 lenis
1274 3951 1309 4008 et

319 4025 457 4119 placida
478 4039 513 4098 et
534 4040 608 4097 tuta
633 4051 706 4097 esse
728 4031 895 4104 creditur.
946 4031 1005 4102 Tu
1020 4044 1135 4103 tamen
1152 4038 1307 4126 profecto

320 4141 355 4198 et
373 4128 513 4198 sensisti
535 4151 632 4197 nunc
654 4129 781 4213 etiam,
808 4143 939 4222 quanta
955 4134 1115 4204 molestia
1133 4139 1179 4207 sit
1201 4136 1241 4209 ἐν
1254 4143 1309 4234 τῷ

320 4226 466 4324 ἄρχειν,
491 4240 526 4299 et
541 4241 706 4299 semestre
724 4243 824 4300 tuum
840 4230 979 4301 finitum
997 4256 1070 4303 csse
1084 4236 1186 4306 valde
1200 4239 1309 4310 laeta-

319 4332 380 4400 ris.
430 4325 550 4423 Atque
575 4342 690 4399 essent
711 4330 857 4400 fortasse
879 4332 918 4399 iii
936 4335 1066 4405 nostris
1089 4333 1310 4433 πολιτεύμα-

321 4451 382 4501 σιν
396 4429 512 4499 facilia
527 4430 666 4511 omnia,
693 4431 721 4500 si
738 4455 811 4501 non
821 4426 1058 4505 scholasticus
1072 4442 1160 4510 ordo
1175 4442 1311 4536 iniqui-

321 4538 393 4597 tate
407 4532 560 4619 quadam
583 4530 640 4598 vel
662 4526 849 4601 hominum
866 4534 922 4602 vel
940 4546 1140 4628 temporum
1156 4545 1311 4630 graviter

321 4627 509 4699 laboraret.
559 4623 773 4719 Experimur
790 4634 884 4702 enim
902 4634 1016 4707 indies
1031 4662 1174 4728 magnas
1189 4656 1224 4714 et
1241 4645 1310 4715 dif-

320 4723 431 4796 ficiles
445 4726 723 4813 adversatioues,
748 4757 828 4802 cum
845 4736 978 4827 quibus
988 4738 1093 4808 nobis
1109 4755 1159 4811 est
1173 4741 1312 4816 luctan-

322 4829 431 4910 dum,
455 4824 585 4917 impari
601 4826 747 4918 quidem
763 4850 950 4922 apparatu,
975 4851 1009 4908 et
1030 4841 1223 4910 admodum
1239 4847 1313 4915 dis-

321 4928 500 4999 similibus
515 4924 637 5019 copiis.
687 4926 777 4997 Nam
792 4933 922 5023 quibus
942 4960 1007 5006 nos
1027 4942 1132 5012 rebus
1149 4941 1312 5015 instructi

324 5051 465 5114 sumus,
489 5028 528 5097 id
551 5041 625 5115 est,
650 5022 870 5102 humanitate
892 5036 932 5104 iii
953 5037 1080 5109 litteris
1093 5054 1127 5111 et
1142 5043 1312 5117 mediocri

324 5129 525 5208 eruditione
547 5154 588 5201 ac
610 5130 791 5217 doctrina,
813 5155 872 5202 eae
890 5159 1005 5229 neque
1022 5140 1142 5210 firmae.
1161 5146 1244 5215 satis
1267 5150 1310 5217 ad

323 5233 599 5324 protegendum,
623 5256 740 5327 neque
756 5234 896 5305 validae
911 5240 954 5305 ad
972 5241 1233 5316 defendendum
1257 5275 1314 5319 re-

321 5331 512 5426 periuntur
533 5328 602 5403 hoc
623 5346 801 5430 ternpore,
827 5361 898 5432 quo
921 5340 1031 5410 animi
1047 5336 1234 5419 hominum
1257 5353 1313 5421 di-

321 5517 557 5539 au*

427 5621 521 5680 istolse
539 5620 607 5708 lites
618 5623 783 5699 camerarii,
800 5640 825 5689 et
837 5632 944 5705 lalters,
962 5652 1031 5706 quse
1048 5637 1185 5710 seqnitur,
1202 5641 1315 5699 Melin-

391 5700 401 5776 Ξ
422 5689 492 5776 onis.
527 5691 618 5748 ssditio
632 5698 831 5783 snnolddt.,·s'
857 5703 1000 5786 spelaeis,
1014 5705 1120 5763 ridetur
1135 5707 1217 5779 igitur
1232 5712 1314 5769 fuisse

392 5769 499 5815 iteratio
513 5779 570 5817 non
584 5769 685 5818 mutati
698 5765 824 5824 editionis
833 5776 948 5843 'prioris

1357 2841 1522 2911 miseriae
1545 2855 1687 2912 nostrae
1707 2840 1882 2932 copiosius
1901 2842 2076 2932 disputavi
2096 2867 2199 2936 quam
2221 2846 2349 2920 debui.

1359 2938 1407 3013 Et
1423 2942 1649 3032 cogitandum
1666 2942 1768 3010 nobis
1782 2956 1850 3027 est,
1874 2967 1955 3011 cum
1969 2956 2089 3013 nostra
2102 2945 2249 3030 delicta,
2271 2958 2351 3017 tam

1358 3043 1488 3135 prioris
1502 3066 1609 3136 quam
1625 3041 1852 3136 quotidianae
1868 3043 1960 3113 vitae
1974 3045 2101 3114 mereri
2120 3045 2350 3116 animadver-

1358 3143 1687 3234 sionemquandam
1708 3142 1746 3211 iii
1760 3167 1845 3229 nos,
1867 3157 1943 3214 tum
1960 3143 2061 3219 ¹'certo
2082 3149 2239 3240 quodam
2261 3173 2349 3218 con-

1358 3244 1438 3313 silio
1448 3243 1638 3313 connivere
1653 3242 1832 3315 interdum
1841 3243 1956 3313 Deum
1973 3249 2018 3314 ad
2032 3240 2220 3317 hominum
2238 3254 2349 3320 auda·

1358 3345 1450 3415 ciam
1464 3358 1499 3416 et
1512 3345 1659 3428 scelera,
1684 3359 1724 3415 ut
1739 3348 2036 3436 quemadmodum
2052 3348 2137 3418 dicit
2153 3350 2261 3436 idem,
2283 3375 2349 3422 cu·

1358 3446 1414 3516 ius
1434 3445 1542 3536 paulo
1557 3458 1638 3514 ante
1654 3447 1811 3530 memini,
1827 3442 2101 3531 Demosthenes,
2123 3451 2191 3518 sibi
2209 3451 2247 3520 in
2262 3475 2347 3522 cori-

1358 3546 1573 3617 sideratione
1621 3569 1779 3614 summae
1823 3548 2027 3618 clementiae
2075 3547 2347 3622 Atheniensium

1358 3669 1460 3738 saepe
1468 3645 1627 3730 subiisse,
1641 3646 1846 3741 φοβεῖσθαι
1855 3642 1942 3740 μήτι
1950 3642 2147 3741 δαιμόνιον
2162 3648 2211 3723 τὰ
2228 3648 2347 3751 apoiy-

1358 3772 1461 3841 ματα
1481 3739 1632 3839 ἐλαύνῃς
1668 3747 1718 3816 lta
1736 3772 1801 3815 nos
1825 3764 1919 3818 certo
1934 3765 2128 3820 statuamus
2144 3750 2230 3823 haec
2244 3755 2347 3840 mala,

1360 3871 1511 3944 qnorum
1533 3850 1661 3939 partim
1685 3850 1829 3937 dolore,
1864 3851 1991 3939 partim
2015 3867 2112 3923 metu
2137 3878 2347 3942 exercemur,

1359 3974 1435 4019 nori
1455 3949 1601 4019 existere
1622 3949 1789 4032 fortuito,
1814 3954 1875 4019 scd
1901 3953 2004 4022 certis
2027 3955 2071 4021 de
2088 3958 2219 4025 caussis
2235 3981 2253 4024 a
2269 3954 2346 4028 Deo

1360 4048 1505 4119 immitti
1525 4051 1646 4140 generi
1671 4045 1846 4134 liumaiio,
1876 4065 1909 4122 et
1931 4054 2089 4145 permitti
2112 4070 2150 4123 iit
2172 4054 2348 4128 Diabolus

1360 4162 1464 4220 autor
1480 4151 1716 4222 calamitatum
1731 4153 1862 4222 saeviat
1886 4154 2075 4247 aliquando
2099 4156 2133 4222 iii
2157 4157 2263 4223 terris
2281 4158 2348 4227 im·

1360 4249 1511 4322 manius.
1549 4249 1696 4321 Aecum
1713 4277 1777 4321 nos
1796 4256 1978 4345 cupiamus
1995 4279 2066 4325 esse
2082 4255 2263 4326 incorum
2280 4283 2347 4330 nu-

1361 4376 1477 4431 mero,
1502 4352 1565 4444 qui
1581 4349 1714 4423 Christi
1728 4354 1883 4445 primum
1897 4357 2025 4446 ipsius,
2049 4357 2177 4426 deinde
2192 4354 2347 4451 Aposto-

1361 4454 1478 4524 lorum
1501 4453 1688 4543 praeconio
1710 4457 1892 4527 convocati
1914 4458 2030 4540 fuere,
2066 4471 2099 4526 et
2123 4461 2348 4531 nuncetiam

1361 4554 1480 4624 verbis
1499 4554 1644 4625 illorum
1668 4570 1924 4643 convocantur,
1947 4558 2009 4652 qui
2032 4571 2083 4627 est
2104 4574 2225 4630 coetus
2241 4556 2346 4631 Chri-

1362 4655 1498 4726 stianus
1520 4668 1554 4724 et
1568 4653 1726 4725 Ecclesia
1740 4654 1827 4739 Dei,
1853 4683 1928 4728 non
1949 4661 2100 4755 querelis
2123 4668 2156 4731 et
2179 4685 2245 4731 nos
2259 4663 2352 4734 alios

1361 4755 1568 4843 defatigare,
1591 4757 1650 4823 sed
1667 4750 1734 4825 lioc
1756 4780 1856 4846 agere
1871 4775 1905 4831 et
1920 4763 2083 4851 perficere
2099 4763 2286 4850 debemus,
2307 4774 2353 4834 ut

1359 4855 1543 4924 veritatem
1569 4856 1744 4940 colamus,
1776 4874 1810 4929 ct
1831 4862 1935 4930 fidem
1956 4860 2032 4932 Deo
2054 4876 2290 4954 praestemus,
2313 4875 2352 4936 et

1360 4953 1442 5023 freti
1465 4954 1706 5025 misericordia
1729 4957 1825 5028 illius
1850 4964 2079 5033 consistamus
2103 4965 2254 5058 quisque
2285 4987 2346 5036 suo

1361 5054 1457 5139 loco,
1483 5078 1557 5124 non
1572 5057 1687 5128 solum
1706 5060 1863 5145 fortiter,
1884 5077 2051 5157 tanquam
2069 5066 2105 5132 iii
2123 5065 2198 5134 acie
2216 5089 2347 5159 pugua-

1361 5157 1452 5241 turi,
1485 5156 1516 5225 si
1540 5182 1678 5228 necesse
1700 5162 1765 5240 sit,
1792 5165 1851 5231 sed
1885 5166 2083 5254 perpessuri
2106 5168 2213 5238 etiam
2243 5191 2346 5261 quae·

1362 5282 1500 5351 cunque
1515 5261 1632 5331 oblata
1648 5262 1795 5347 fuerint,
1817 5263 1963 5333 scientes
1976 5263 2103 5368 Deum,
2129 5268 2192 5360 qui
2208 5282 2347 5361 propter

1361 5359 1476 5430 filium
1498 5385 1563 5430 nos
1588 5363 1834 5433 benevolentia
1854 5385 1916 5433 sua
1939 5367 2140 5457 complexus
2163 5370 2253 5455 fuit,
2277 5391 2345 5441 non

1362 5485 1500 5553 possea
1517 5463 1619 5532 nobis
1638 5486 1711 5531 csse
1722 5463 1889 5537 alienum.
1941 5463 1990 5537 Et
2006 5464 2102 5539 huuc
2124 5485 2346 5544 conservatu-

1351 5577 1444 5631 'rum
1459 5555 1601 5632 Christo
1624 5587 1688 5632 suo
1707 5564 1891 5655 proprium
1917 5583 2074 5654 coetum,
2100 5570 2137 5638 iii
2154 5598 2227 5662 quo
2244 5574 2346 5666 ipsius

1364 5659 1489 5732 caritas
1512 5676 1545 5732 et
1568 5662 1713 5746 merita,
1737 5687 1777 5732 ac
1793 5666 1962 5740 beneficia
1978 5673 2254 5744 inaestimabilia
2273 5696 2346 5767 per-

1352 5773 1466 5856 petua
1482 5763 1748 5853 praedicentur,
1772 5779 1806 5836 et
1821 5766 1988 5843 laudetur
2003 5759 2076 5864 ipse
2085 5771 2192 5844 Pater
2204 5772 2348 5847 Domini
2368 5821 2374 5832 .
