5325 6917
416 710 569 792 sss·
786 807 792 816 p
999 690 1893 796 urssrosanounrn.u.1sss
2157 789 2162 797 ¹
2389 694 2467 769 sss

522 880 649 956 Tertio
675 872 863 968 Episcopis
891 855 1063 964 praecipit
1086 867 1183 940 Deus
1209 882 1251 939 ut
1270 866 1417 938 sintin·
1464 882 1502 939 et
1530 868 1684 940 aliorum
1713 870 1937 940 sacerdotum
1964 880 2138 939 testantur
2161 887 2266 956 vagas
2296 863 2465 940 libidines

425 1003 603 1088 spectares
623 978 808 1056 doctrinae
830 977 871 1046 in
889 974 1060 1046 omnibus
1075 968 1264 1056 Bedesis,
1286 969 1419 1065 quibus
1468 995 1542 1041 non
1561 971 1706 1064 punitas
1732 995 1817 1043 esse.
1867 967 1923 1041 Ac
1943 973 1987 1041 de
2009 969 2152 1040 iudiciis
2170 982 2203 1039 et
2219 969 2466 1040 exeommuni-

424 1100 616 1192 praesunt,
656 1096 692 1153 et
712 1092 839 1151 curent
859 1090 900 1147 ut
922 1090 1080 1170 pastores
1109 1074 1296 1144 interiores
1325 1084 1419 1141 recte
1468 1074 1702 1144 cationemox
1716 1073 1891 1166 prolixius
1907 1074 2075 1146 dicemus,

427 1202 598 1273 doceant,
630 1186 721 1256 sicut
744 1177 908 1253 Christus
930 1178 1035 1250 Petro
1060 1177 1247 1270 praecipit:
1299 1169 1354 1244 El
1380 1180 1420 1241 lu
1572 1173 1731 1263 Quinto,
1757 1198 1858 1266 saepe
1872 1175 1978 1244 etiam
1994 1197 2133 1244 necesse
2156 1186 2207 1242 est
2219 1170 2468 1267 Synodosau·

424 1313 619 1372 conversus
644 1278 820 1379 confirmo
840 1281 988 1380 fratres
1012 1289 1106 1354 tuos.
1157 1276 1216 1351 Ad
1237 1274 1329 1365 banc
1345 1299 1421 1345 rem
1469 1278 1611 1349 toritate
1634 1278 1753 1371 aliqua
1777 1278 1818 1347 in
1841 1300 1912 1347 una
1936 1277 2086 1346 dioecesi
2111 1289 2173 1346 aut
2197 1275 2371 1368 pluribus
2386 1301 2468 1350 cou-

430 1402 517 1475 olim
548 1390 770 1463 visitationes
797 1387 951 1468 fiebant,
981 1384 1113 1476 quibus
1142 1396 1177 1453 et
1199 1405 1297 1450 nunc
1318 1378 1422 1448 valde
1470 1379 1600 1450 vocari.
1639 1377 1713 1450 Nec
1733 1380 1856 1468 exigua
1873 1379 2043 1471 sapientia
2061 1393 2113 1450 est
2132 1371 2342 1471 prospicere
2358 1403 2469 1474 quan-

431 1525 521 1596 opus
537 1501 635 1567 esset.
687 1490 810 1583 ltaque
831 1488 870 1557 in
890 1486 1048 1576 collegiis
1061 1478 1327 1556 Canonicorum
1349 1502 1423 1550 esse
1470 1484 1517 1552 do
1533 1481 1646 1572 prosit
1663 1506 1857 1552 convocare
1883 1494 2019 1565 coetus,
2046 1495 2080 1550 et
2094 1483 2276 1574 quomodo
2293 1494 2400 1552 tauta
2418 1481 2470 1556 in-

431 1606 570 1697 sliquos
597 1593 766 1667 honestos
795 1606 830 1662 θῑ
852 1591 974 1660 d0c10⁵
998 1585 1198 1659 canonic&
1226 1582 1422 1677 oportebat,
1455 1585 1657 1675 ·geni0rum
1700 1598 1735 1654 et
1768 1587 1991 1654 voluntatum
2021 1584 2181 1653 ‘varietas
2220 1584 2471 1672 gubernanda,

431 1707 495 1804 qui
520 1700 623 1772 certis
642 1695 862 1788 temporibus
886 1716 949 1783 per
973 1704 1083 1763 totam
1107 1687 1286 1758 dioecesin
1298 1681 1424 1755 Eccle·
1471 1685 1756 1769 †moderanda”
1792 1701 1826 1756 et
1859 1688 1902 1755 ad
1939 1686 2164 1755 concordiam
2199 1685 2386 1755 flectenda
2408 1687 2471 1760 sit„

430 1811 500 1882 sias
515 1804 671 1886 adirent,
696 1813 730 1868 et
751 1810 908 1890 pastores
930 1792 1144 1863 indoctiores
1156 1785 1323 1861 audirent
1337 1809 1424 1855 con·
1471 1787 1552 1858 Non
1577 1788 1672 1857 enim
1696 1790 1841 1880 prodest
1864 1787 1995 1857 multos
2022 1788 2203 1880 superbis,
2232 1788 2472 1873 turbulentis,

432 1914 633 1988 cionantes,
667 1916 700 1972 et
721 1903 765 1970 de
789 1899 910 1990 aliqua
930 1890 1115 1965 doctrinae
1133 1904 1231 1984 parte
1253 1891 1424 1959 admone·
1471 1890 1708 1974 veteratoriis,
1724 1890 1880 1961 factiosis
1898 1889 2050 1978 ingeniis
2065 1890 2243 1981 praeditos
2260 1913 2373 1982 saepe
2391 1916 2473 1962 con-

369 2043 372 2050 ·
432 2025 525 2086 rent.
575 2005 716 2076 Horum
731 2002 887 2072 officium
908 1999 953 2068 sit
969 1997 1074 2066 etiam
1092 1994 1230 2087 aliquos
1242 1991 1369 2062 audire
1385 1989 1424 2056 in
1471 2015 1609 2065 vocare.
1665 1988 1715 2063 Et
1742 2006 1859 2063 tamen
1882 1991 2064 2061 interdum
2094 1992 2239 2062 dissidia
2275 1993 2474 2080 doctrinae,

432 2111 586 2210 populo,
611 2120 650 2177 ut
671 2105 760 2198 quid
784 2101 959 2189 intelligat
981 2113 1016 2170 et
1038 2099 1152 2167 discat
1169 2095 1322 2187 populus
1346 2090 1424 2161 ani·
1471 2110 1533 2166 aut
1548 2094 1699 2164 aliorum
1720 2093 1961 2163 communium
1978 2095 2186 2163 morborum
2202 2096 2475 2166 emendationes

431 2211 606 2288 madverti
621 2195 742 2300 possit.
791 2202 991 2294 Explorent
1008 2200 1114 2271 etiam
1130 2199 1262 2268 famam
1280 2197 1324 2265 de
1347 2218 1425 2262 mo-
1472 2198 1655 2290 postulant
1671 2197 1803 2266 multos
1826 2195 2034 2279 convocari,
2068 2210 2102 2265 et
2129 2196 2250 2289 aliqua
2288 2200 2474 2270 communi

430 2321 533 2391 ribus
545 2326 729 2409 pastorum
744 2322 779 2378 et
794 2306 1010 2376 auditorum·
1043 2300 1135 2371 Nam
1150 2295 1323 2370 hiecduo
1339 2319 1425 2387 ope-
1473 2298 1729 2370 deliberatione
1753 2298 1876 2391 quaeri
1901 2297 2074 2380 remedia,
2102 2297 2193 2368 sicut
2208 2296 2388 2392 Apostoli
2410 2299 2474 2395 Sy·

432 2447 471 2493 ra
486 2429 571 2489 sunt
584 2413 790 2507 praecipua,
816 2422 851 2478 et
871 2431 953 2476 vere
969 2404 1092 2474 divina
1114 2425 1223 2493 opera
1245 2400 1320 2470 eius
1342 2399 1427 2467 fun·
1475 2402 1588 2471 nodos
1604 2400 1774 2469 salutares
1789 2396 2002 2471 habuerunt.
2383 2461 2388 2470 .

432 2519 579 2598 ctionis,
606 2538 696 2609 quae
713 2514 807 2583 inter
825 2508 987 2579 omnium
1003 2517 1244 2575 creaturarum
1270 2500 1426 2571 functio·
1576 2501 1700 2583 Sexto,
1726 2527 1806 2571 cum
1828 2499 1998 2592 Episcopi
2018 2502 2169 2571 debeant
2193 2526 2269 2573 esse
2292 2503 2475 2596 inspecto-

433 2646 496 2693 nes
519 2640 655 2690 summa
676 2628 710 2683 et
730 2612 882 2681 maxima
903 2621 973 2692 est,
1004 2606 1158 2676 retinere
1182 2605 1299 2673 lucem
1321 2624 1426 2670 verae
1474 2628 1531 2675 res
1548 2604 1747 2689 doctrinae,
1762 2605 1857 2672 inter
1870 2603 2076 2695 praecipuas
2093 2627 2212 2690 curas,
2234 2600 2383 2678 etham
2401 2631 2474 2678 ως

433 2723 617 2795 doctrinae
639 2717 683 2784 de
705 2712 801 2797 Deo,
826 2724 860 2780 et
880 2713 996 2780 bonos
1011 2729 1147 2791 mores,
1172 2728 1323 2800 quarum
1339 2705 1428 2772 dua·
1476 2709 1651 2799 oportuit,
1683 2705 1850 2797 perficere
1875 2718 1916 2776 ut
1938 2701 2079 2775 scholae
2101 2707 2303 2799 superiores
2325 2723 2362 2780 et
2382 2710 2475 2780 infe.

433 2850 515 2897 rum
538 2841 657 2891 rerum
680 2814 915 2885 maximarum
936 2810 1152 2881 tuendarum
1177 2829 1261 2876 cura
1278 2802 1429 2896 Episco-
1476 2811 1587 2879 riores
1603 2821 1886 2897 recteregantur.
1928 2805 2020 2877 Nam
2035 2803 2248 2880 Academiae
2264 2826 2474 2896 suntnunc,

431 2928 489 3021 pis
502 2920 691 3017 praecipue
706 2917 871 2985 mandata
885 2925 956 2997 est,
977 2933 1053 2979 non
1067 2931 1270 2980 consecrare
1287 2930 1429 2997 campa·
1476 2925 1518 2982 ut
1546 2910 1634 2980 olim
1663 2910 1777 3001 prima
1798 2909 1944 2998 collegia
1969 2907 2254 2996 Canonicorum‚
2287 2914 2473 2984 doetrinae

432 3052 498 3100 nas
512 3039 548 3095 et
563 3020 724 3114 parietes.
1477 3013 1657 3096 custodes,
1682 3024 1786 3081 testes
1802 3026 1839 3083 et
1854 3012 2131 3103 propagatrices,
2162 3037 2253 3108 quas
2273 3015 2475 3106 intelligere

534 3121 614 3197 Etsi
631 3133 750 3190 sutem
766 3111 937 3208 Episcopi
954 3136 1050 3184 nunc
1072 3123 1254 3204 utcunque
1275 3110 1430 3181 retinent
1477 3114 1676 3185 doctrinam
1706 3110 1887 3183 Ecclesiae
1909 3114 2097 3203 integram,
2129 3129 2165 3187 et
2190 3139 2297 3188 nosse
2325 3118 2473 3190 unirer-

434 3225 671 3302 ceremoniam
700 3218 953 3300 ordinationis,
982 3228 1103 3285 tamen
1124 3213 1354 3282 manifestum
1378 3225 1430 3284 est
1476 3239 1551 3285 sam
1574 3214 1840 3307 antiquitatem,
1866 3216 2058 3285 certamina
2082 3230 2118 3285 et
2139 3218 2269 3287 iudicia
2288 3214 2475 3292 Ecclesiae
2512 3301 2515 3306 Ι

435 3326 714 3421 explorationem
736 3320 918 3390 doctrinae
939 3330 974 3387 et
995 3340 1153 3399 morum,
1175 3328 1208 3396 et
1231 3314 1429 3384 institutio·
1476 3330 1634 3409 oportet,
1674 3331 1710 3388 et
1733 3305 1820 3388 seire
1848 3319 1944 3400 unde
1967 3318 2167 3390 doctrinam
2184 3321 2407 3411 acceperint,
2442 3336 2475 3393 et
2512 3309 2515 3322 '

435 3455 519 3502 nem
534 3422 795 3515 imperitiorum
818 3420 946 3492 omitti.
999 3415 1083 3490 ldeo
1105 3418 1239 3508 plenus
1257 3430 1309 3487 est
1330 3416 1429 3485 orbis
1476 3420 1677 3490 testimonia
1691 3444 1794 3489 verae
1818 3420 2011 3490 sententiae
2025 3423 2071 3489 ad
2091 3421 2326 3512 posteritatem
2351 3437 2474 3494 trans·

435 3548 612 3605 terrarum
649 3520 823 3604 indoctis,
854 3521 1013 3604 levibus,
1045 3519 1166 3609 impiis
1206 3517 1426 3588 sacrificulis:
1476 3522 1634 3606 mittere,
1663 3522 1757 3594 sicut
1778 3520 1944 3592 Irenaeus
1968 3522 2094 3612 allegat
2121 3523 2319 3593 testimonia
2344 3520 2474 3597 Eccle·

435 3628 594 3706 Etlronc
608 3623 791 3714 religionis
807 3620 1092 3715 profanationem
1108 3619 1205 3691 Deus
1226 3620 1332 3712 punit
1351 3645 1429 3690 ma·
1476 3626 1607 3694 siarum
1636 3621 1855 3694 Graecarum
1879 3639 1913 3695 et
1933 3623 2153 3698 Latinarum.
2205 3624 2260 3697 Ac
2281 3627 2392 3696 valde
2409 3653 2473 3721 po-

436 3736 515 3828 gnis
536 3728 688 3824 publicis
704 3724 980 3807 calamitatibus,
1002 3720 1128 3805 bellis,
1149 3722 1429 3808 confusionibus,
1477 3727 1585 3797 stulat
1607 3727 1751 3817 publica
1773 3727 1981 3811 necessitas,
2008 3740 2048 3798 ut
2071 3723 2195 3797 omnes
2216 3731 2470 3818 gubernatore,

437 3854 471 3911 et
486 3833 602 3922 ruinis
617 3851 820 3918 regnorum·
878 3823 1111 3895 Manifestum
1133 3835 1169 3893 ei
1190 3817 1258 3892 hoc
1281 3837 1428 3894 estnon
1476 3826 1714 3898 Ecclesiastici
1744 3842 1778 3898 et
1807 3828 1961 3920 politici,
1993 3815 2125 3899 maiore
2147 3830 2339 3921 diligentia
2368 3848 2403 3905 et
2420 3857 2472 3903 se-

436 3940 514 4012 fieri
536 3933 757 4005 Vl⁵ii³ii⁰¹¹0³
775 3925 1034 4010 Ecclffllifflms
1051 3931 1308 4018 'praeterquam
1331 3928 1429 4018 quod
1478 3927 1643 4014 dulita'te,
1668 3929 1818 4010 excitent
1842 3945 1878 4001 et
1900 3932 2043 4002 foveant
2067 3931 2184 4002 studia
2208 3933 2417 4020 literarum,
2441 3948 2471 4004 et
2510 3965 2515 4026 Ἰ·

436 4061 559 4112 recens
585 4031 702 4125 aliqui
720 4029 909 4121 Episcopi,
934 4042 976 4100 ut
1001 4050 1120 4096 veram
1147 4026 1347 4097 doctrinam
1365 4053 1429 4119 op-
1478 4032 1702 4124 disciplinam
1734 4033 1774 4102 in
1803 4028 1935 4104 scholis
1964 4034 2119 4105 severius
2147 4034 2361 4128 astringant.
2411 4035 2472 4108 Ni·
2513 4031 2515 4038 ’

436 4144 649 4235 primerent‚
674 4134 720 4202 ad
737 4132 856 4225 aliqua
874 4131 951 4198 loca
968 4152 1112 4199 suarum
1135 4128 1350 4198 dioecesium
1372 4155 1431 4202 ac·
1479 4134 1549 4201 mia
1563 4128 1627 4228 ⁴⁴)·
1646 4147 1698 4204 est
1729 4131 1824 4203 enim
1855 4130 1985 4205 horum
2008 4149 2206 4227 temporum
2229 4139 2402 4224 libertas,
2436 4140 2471 4208 in
2513 4173 2515 4186 .

436 4251 626 4315 mierum·
914 4311 924 4333 ,
1480 4259 1549 4328 qua
1574 4236 1679 4305 multi
1701 4237 1912 4321 efferantur,
1939 4250 1975 4308 et
1997 4238 2181 4329 negligunt
2200 4233 2374 4312 exercitia
2394 4241 2473 4312 nli.

538 4339 693 4430 Quarto,
718 4333 815 4408 Deus
835 4332 1008 4425 praecipit
1027 4332 1181 4402 exerceri
1205 4331 1337 4402 iudicia
1360 4330 1432 4402 Ec·
1479 4336 1613 4425 gionis,
1638 4340 1856 4428 precationes
1877 4353 1911 4408 et
1934 4340 2101 4410 lectiones
2123 4363 2248 4411 sacras.
2301 4341 2413 4415 Hane
2428 4344 2474 4413 fe.

437 4443 648 4524 clesiastica,
682 4453 722 4509 ut
747 4431 878 4511 Matth.
897 4434 957 4509 18.
980 4436 1235 4527 scriptumest,
1261 4449 1296 4506 et
1325 4436 1345 4506 1
1366 4432 1431 4503 Ti·
1480 4439 1620 4509 ritatem
1642 4440 1672 4507 si
1695 4441 1808 4512 adulti
1832 4445 1875 4510 ad
1896 4439 2267 4532 Rempub.adlerent,
2294 4459 2473 4538 eruntpe-

436 4541 550 4618 moth.
566 4540 602 4616 5.
629 4541 795 4611 videlieet
815 4552 857 4610 ut
877 4562 919 4608 ex
944 4533 1103 4607 Ecclesia
1130 4537 1335 4617 eiiciantur,
1369 4536 1433 4629 qui
1480 4556 1549 4612 stes
1570 4542 1708 4632 generis
1730 4537 1896 4627 humani,
1926 4545 2008 4636 quia
2034 4543 2110 4614 siue
2137 4569 2218 4616 vera
2246 4547 2471 4619 invocatione

437 4651 524 4721 falsa
546 4648 693 4726 docent,
717 4655 753 4712 et
775 4643 828 4710 rei
848 4654 931 4713 sunt
944 4640 1212 4710 manifestorum
1228 4639 1431 4720 criminum,
1479 4640 1547 4714 Dei
1568 4646 1713 4727 vivunt,
1739 4647 1922 4735 negligunt
1943 4642 2135 4732 Ecclesias,
2159 4647 2250 4718 fiunt
2273 4644 2474 4741 Epicurasi,

438 4753 501 4848 qui
515 4769 630 4818 mores
644 4767 719 4813 non
735 4746 943 4824 emendant,
970 4756 1004 4812 et
1026 4755 1066 4812 ut
1088 4742 1149 4812 lux
1170 4766 1273 4812 verae
1298 4741 1432 4811 doctri·
1480 4758 1521 4815 ut
1534 4770 1629 4814 nnnc
1647 4747 1798 4835 passim,
1821 4741 1912 4837 proh
1935 4747 2055 4828 dolor,
2079 4750 2166 4820 tales
2180 4746 2364 4842 Cyclopes
2379 4751 2473 4824 mulsi

439 4878 505 4927 nae
532 4864 566 4920 et
587 4846 682 4929 boni
700 4866 815 4913 mores
844 4846 1075 4915 retineantur.
1134 4841 1232 4914 Haec
1255 4844 1387 4914 iudicia
1411 4868 1430 4912 e
1479 4848 1617 4916 suntin
1635 4847 1725 4914 aulis
1743 4850 2008 4921 etcivitatibus.

438 4957 515 5028 Deo
532 4939 687 5044 praecipi
707 4944 932 5013 manifestum
949 4960 1018 5029 est,
1045 4959 1079 5015 et
1094 4945 1201 5015 fuisse
1219 4946 1258 5013 in
1271 4942 1431 5016 Ecclesia
1580 4945 1781 5021 Revocetur
1803 4975 1884 5041 ergo
1911 4952 2146 5024 adolescentia
2177 4954 2223 5022 ad
2253 4958 2473 5040 modestiam,

438 5079 575 5148 semper
590 5053 635 5121 ab
651 5048 755 5120 initio
770 5046 909 5130 mundi,
925 5041 1019 5114 nihil
1034 5045 1183 5116 dubium
1203 5058 1265 5125 est,
1279 5068 1370 5136 quae
1388 5067 1429 5115 eo
1478 5049 1639 5121 assuefiat
1653 5054 1822 5145 exemplis
1837 5069 1870 5125 et
1887 5049 2045 5124 honestis
2060 5055 2232 5126 exercitiis
2249 5058 2297 5128 ad
2325 5060 2474 5151 ²8¹¹itio-
2514 5041 2515 5046 ,

377 5215 379 5220 -
438 5160 582 5254 quidem
592 5149 798 5243 diligentius
811 5149 1002 5219 exercenda
1018 5157 1132 5231 erant,
1147 5146 1230 5240 quia
1240 5145 1429 5236 Magistra·
1478 5175 1560 5221 nem
1586 5168 1620 5224 et
1642 5156 1805 5227 timorem
1823 5155 1911 5249 Dei,
1937 5172 1971 5226 et
1994 5182 2109 5227 merae
2129 5159 2306 5230 salutares
2327 5163 2474 5233 circum·
2514 5219 2515 5238 ,

439 5255 654 5352 ²1¹⁸P¹⁰f³¹¹i
677 5278 751 5324 ¹¹⁰⁰
768 5248 1119 5322 curimldoclrinam·
1166 5245 1306 5323 Deinde
1322 5249 1431 5319 indi·
1478 5256 1608 5326 dentur
1638 5257 1805 5331 libertati.
1862 5257 1996 5328 Verum
2024 5261 2069 5329 ad
2102 5256 2189 5330 haec
2213 5257 2473 5358 Episcopomn
2513 5261 2515 5328 ἶ

439 5362 589 5456 θῦὶΡῙῑῦὃ
611 5357 828 5447 11881ῐέθῦῐὸ
848 5365 950 5435 suni,
983 5375 1058 5420 1¹⁰ss
1090 5352 1246 5444 puniunt
1268 5351 1430 5442 vulgares
1478 5371 1586 5449 opera
1601 5361 1721 5430 omnia
1744 5384 1835 5452 opus
1857 5375 1908 5430 est
1928 5363 1967 5429 in
1984 5362 2144 5453 qualibet
2157 5363 2317 5436 dioecesi
2344 5367 2485 5462 aliquot.
2514 5373 2515 5392 ¹

437 5463 685 5544 scortationes,
717 5472 778 5528 aut
801 5455 992 5527 adulteria:
1039 5450 1266 5546 Deploranda
1290 5468 1343 5525 est
1366 5478 1430 5523 au·
1478 5454 1635 5529 honestis
1658 5462 1824 5531 et'doctis
1840 5462 1927 5532 viris
1947 5476 1980 5532 et
1998 5460 2114 5535 Deum
2130 5466 2370 5556 timentibus,
2397 5491 2472 5564 qua·

438 5584 508 5639 iem
529 5581 563 5637 ei
586 5559 672 5633 hm
701 5560 881 5631 ctlffliitss
902 5554 1102 5635 Ectlfflite,
1143 5558 1240 5650 qued
1264 5550 1350 5626 haee
1373 5556 1430 5625 iu·
1478 5560 1529 5629 les
1558 5556 1681 5631 haberi
1702 5579 1863 5654 possent,
1897 5565 1926 5634 si
1952 5570 2131 5638 accederet
2154 5563 2249 5639 liaeo
2282 5571 2472 5664 diligentis,
2514 5575 2515 5640 l

434 5670 530 5743 dicia
554 5685 698 5759 prorsus
719 5660 765 5732 ab
781 5657 966 5753 Episcopis
988 5656 1216 5747 negliguntur
1239 5670 1274 5728 et
1288 5682 1429 5727 excom·
2211 5689 2215 5695 -
2514 5683 2515 5702 ,

437 5767 691 5844 manicatioad
707 5746 1019 5855 caussaiproprias
1038 5759 1107 5831 fori
1124 5759 1265 5852 pmlani
1282 5759 1429 5850 indigne
1478 5767 1739 5848 “““·“““·“,
2240 5755 2248 5766 ·

437 5888 473 5946 et
487 5871 596 5965 impie
611 5865 780 5939 translata
803 5879 866 5939 est.
916 5862 1038 5934 Mores
1053 5862 1148 5932 enirn
1164 5860 1429 5935 Canonicorum
1510 5885 1555 5945 stt
1573 5886 1683 5955 Μωῑο]
1703 5888 1766 5943 pa,
1787 5889 1870 5943 Nm
