5325 6917
303 631 378 710 3¹79

307 905 360 974 De
376 901 555 993 republica
571 899 730 967 nondum
749 896 872 965 audire
885 895 985 986 potui
1005 914 1183 961 sermones
1197 889 1292 982 peri-

308 1021 437 1075 torum.
496 997 631 1087 Vulgus
652 997 806 1068 aulicum
830 996 1048 1080 existimant,
1073 993 1209 1064 Ducem
1219 990 1292 1061 Sa-

307 1097 645 1175 xoniaeElectorem
668 1098 738 1166 iam
762 1098 799 1166 in
825 1098 943 1166 reditu
965 1119 1049 1169 esse.
1100 1088 1197 1162 Mihi
1217 1116 1292 1161 non

309 1209 346 1277 fit
371 1201 571 1272 verisimile.
622 1198 704 1269 Non
727 1198 821 1267 enim
846 1197 1019 1281 arbitror,
1047 1193 1183 1265 Ducem
1206 1191 1291 1263 Ele-

309 1321 438 1376 ctorem
458 1302 556 1393 prius
572 1324 612 1369 cx
630 1313 806 1369 conventu
822 1298 1071 1381 discessurum,
1098 1318 1205 1389 quam
1220 1294 1293 1364 dis-

308 1408 409 1477 cedat
436 1404 629 1492 imperator
653 1394 827 1472 Carolus.
893 1395 942 1467 Et
975 1396 1117 1487 negotia
1138 1396 1295 1487 pendent

242 1489 251 1502 ,
308 1500 528 1598 imperiecta5
551 1515 721 1572 certatum
738 1515 790 1571 est
807 1500 907 1568 miris
923 1496 1071 1572 technis.
1123 1496 1194 1567 Sed
1212 1519 1296 1586 pro-

308 1612 544 1688 lectometuo,
569 1598 636 1671 hos
653 1603 854 1693 principum
869 1602 973 1670 ludos
993 1611 1202 1671 attracturos
1216 1611 1297 1668 tan-

308 1712 389 1777 dem
413 1728 563 1797 poenas,
589 1728 740 1796 quarum
763 1702 864 1772 initia
888 1701 957 1769 iam
977 1702 1138 1771 videmus
1153 1699 1191 1766 in
1207 1695 1297 1767 Gal-

310 1811 377 1888 lia,
404 1805 609 1886 Pannonia,
635 1803 785 1892 Anglia‚
808 1801 939 1878 Scotia.
988 1799 1089 1871 Bene
1105 1801 1194 1872 vale.
1230 1795 1298 1867 Die

310 1908 401 1979 Maii
419 1907 454 1981 8.
510 1901 620 1979 1644.
671 1902 725 1976 Ex
742 1904 939 1976 Wimaria.

652 2058 656 2063 -
967 2000 1008 2071 P.
1024 1992 1250 2072 Melanthon.

310 2421 378 2492 No.
395 2417 509 2488 2957.

316 2513 488 2547 w
1125 2505 1297 2537 Μ

659 2611 814 2704 lonae,
841 2600 953 2713 filio.

415 2790 434 2857 †
453 2785 490 2839 Es
504 2782 658 2857 apographo
676 2781 708 2836 in
728 2780 789 2837 cod.
802 2780 914 2837 Monac.
930 2779 974 2840 88.
988 2797 1035 2833 no.
1054 2779 1100 2835 lV.
1116 2799 1143 2851 p.
1158 2779 1219 2835 263.

582 2932 720 3005 Iusto
748 2929 1032 3025 Ionae,filio.

312 3053 356 3140 S.
381 3071 427 3144 D.
477 3068 661 3138 Praeclare
686 3067 793 3136 illud:
831 3063 951 3136 omnis
975 3063 1014 3134 in
1035 3057 1198 3133 Ascanio
1223 3062 1305 3133 cari
1374 3103 1384 3121 ·

312 3179 388 3243 stat
410 3193 497 3241 cura
517 3167 695 3265 parentis.
748 3167 909 3239 Similem
932 3167 1037 3258 plane
1063 3166 1103 3234 iu
1119 3179 1218 3258 patre
1240 3181 1300 3238 tuo

315 3267 477 3371 στοργήν
492 3272 755 3355 animadverto,
781 3270 843 3360 qui
857 3269 969 3338 multa
988 3290 1125 3337 mecum
1143 3280 1302 3337 amanter

315 3379 359 3444 de
381 3391 415 3445 te
438 3374 478 3437 in
501 3366 569 3439 hoc
594 3370 739 3453 itinere,
764 3381 800 3438 et
820 3363 886 3437 hac
912 3368 1147 3460 expatiatione
1163 3368 1301 3439 locutus

269 3513 273 3520 ·
316 3489 384 3558 cst,
418 3494 507 3563 quae
538 3493 655 3537 coram
684 3492 867 3559 exponam.
929 3468 1041 3559 Spero
1071 3469 1234 3562 quidem,
1268 3484 1303 3541 et

316 3590 413 3644 tuam
428 3570 595 3661 pietatem
612 3582 647 3638 et
663 3570 923 3638 observantiam
939 3569 1037 3638 illius
1055 3571 1167 3640 amori
1184 3585 1219 3642 et
1231 3572 1303 3640 sol-

315 3670 496 3745 licitudini
509 3693 768 3761 responsuram.
819 3668 889 3739 Sed
905 3681 957 3753 te,
983 3670 1034 3738 mi
1046 3669 1116 3754 fili,
1142 3671 1191 3741 sic
1206 3673 1301 3741 enim

316 3799 397 3844 vere
422 3786 454 3842 te
471 3773 617 3840 nomino
641 3786 678 3842 et
699 3785 844 3863 propter
865 3771 1063 3840 studiorum
1079 3772 1304 3844 coniunctio.-

318 3901 420 3959 nem,
456 3886 489 3943 et
512 3885 657 3964 propter
677 3896 796 3942 meum
826 3893 907 3960 erga
928 3884 963 3941 te
986 3895 1110 3941 verum
1137 3897 1304 3959 amorem,

318 3979 473 4045 obtestor
497 3987 643 4066 propter
667 3971 803 4057 Deum,
829 3986 863 4042 et
882 3986 1027 4065 propter
1049 3974 1165 4043 studia
1182 3988 1303 4045 nostra

317 4076 551 4159 sanctissima,
577 4088 617 4145 ut
632 4074 730 4144 omni
745 4074 883 4143 ratione
897 4098 997 4144 cures
1011 4074 1103 4144 tueri
1119 4090 1303 4166 paternam

318 4177 611 4248 benevolentiam.
663 4173 789 4260 Mane,
815 4170 1117 4267 quoties'invocas
1130 4174 1246 4245 Deum
1270 4192 1304 4247 et

319 4292 461 4371 propter
477 4278 589 4347 tilium
607 4276 792 4346 dominum
808 4289 969 4344 uostmm
985 4273 1012 4348 l.
1021 4273 1061 4347 C.
1078 4277 1242 4365 precaris,
1269 4292 1303 4347 et

317 4384 362 4449 cle
381 4394 506 4450 mutuo
531 4403 649 4449 amore
670 4377 803 4448 aeterni
821 4377 930 4468 patris
943 4390 977 4447 et
992 4377 1057 4445 filii
1072 4378 1221 4466 cogitas,
1242 4403 1304 4447 ve-

319 4483 394 4551 niat
412 4482 451 4548 in
465 4494 640 4563 mentem,
665 4473 840 4548 humanae
864 4492 1010 4549 naturae
1032 4479 1304 4549 similitudinem

321 4582 498 4673 quandam
521 4581 596 4648 eius
622 4581 752 4648 amoris
775 4580 916 4648 insitam
938 4601 1027 4659 esse,
1061 4583 1157 4669 quod
1178 4581 1215 4649 in
1241 4606 1305 4674 pa-

321 4695 460 4750 rentum
477 4679 611 4767 ingenti
627 4677 754 4747 affectu
773 4678 999 4767 conspicitur.
1054 4677 1127 4747 Nec
1143 4692 1245 4770 puta,
1271 4696 1304 4750 te

321 4770 479 4851 exaudiri
505 4779 638 4846 violato
671 4776 732 4845 illo
764 4780 981 4847 sanctissimo
1012 4778 1168 4852 vinculo.
1234 4779 1303 4850 Sed

320 4880 405 4951 haec
421 4904 550 4953 coram.
603 4875 765 4948 Omnino
778 4878 894 4959 velim,
909 4892 941 4948 te
958 4877 1143 4947 nobiscum
1160 4881 1305 4949 domum

320 4984 435 5052 redire
445 4978 501 5075 *),
528 5004 635 5076 quare
651 4991 685 5050 te
701 4979 744 5046 ad
759 5001 816 5045 me
832 4979 1016 5067 accingite,
1040 4982 1118 5047 cum
1138 4981 1227 5049 istuc
1245 5006 1304 5049 ve-

319 5086 426 5156 niam.
478 5080 678 5151 Benevole.
1018 5087 1020 5092 '

319 5248 525 5263 ——m

319 5397 331 5408 ..
353 5332 383 5404 ¹¹)
404 5333 687 5389 VideturMslantbon
700 5330 767 5386 hctus
779 5330 915 5399 scripsisse
928 5348 990 5385 sum
1004 5329 1054 5385 iter
1069 5331 1304 5403 perSalinasWi·

390 5403 503 5457 mariam
519 5404 627 5482 laceret.
662 5398 1104 5522 ¹⁰n·⁸hlldffibobbimllbl?pord
1110 5401 1303 5523 Ydi'drbdlissam

391 5478 907 5618 didlirallisbldlildbnldelbbthbniserat,
924 5489 1113 5617 secumnddsit.
1149 5491 1230 5591 linem
1243 5491 1305 5592 thil}

390 5606 523 5677 significat
535 5606 716 5679 Melanthea,
733 5617 762 5657 ut
783 5606 815 5686 ad
836 5623 923 5673 rpsorn
937 5614 1025 5657 ventat
1039 5614 1065 5658 et
1078 5624 1140 5658 eum
1155 5625 1189 5657 so
1204 5605 1302 5659 Wite-

391 5676 500 5742 bergsm
515 5675 616 5729 redeat.
652 5672 747 5742 lonas,
765 5673 850 5733 tilius,
869 5672 938 5744 patri
954 5690 1010 5726 non
1021 5675 1135 5727 omnino
1148 5684 1206 5728 erat
1224 5677 1306 5730 obse-

390 5762 486 5815 quens.
893 5778 897 5784 -
1247 5764 1249 5768 ·

874 613 1308 698 EPISTOLARUM
1356 615 1462 690 LlB.
1496 615 1562 695 lX.
1615 615 1743 696 1644.

243 856 245 859 <
307 806 510 874 iunxerunt.
564 795 689 891 Equiti
709 795 792 865 dedi
814 795 1001 864 dimidium
1023 786 1289 862 Ioachimicum.
1338 787 1535 913 Q.

1144 2416 1267 2497 (tce.)
1311 2473 1317 2483 .

2251 617 2329 689 380

1916 799 1972 862 18.
1990 792 2073 855 Mati.
2088 790 2330 873 (Witebergae.)

1908 889 2330 943 Nm

1695 988 1749 1073 N.
1772 988 1975 1073 Medlem.

1410 1160 1432 1215 E
1451 1159 1547 1215 codice
1560 1158 1655 1215 Bavari
1669 1161 1702 1215 V.
1717 1160 1750 1215 11.
1764 1180 1791 1232 p.
1804 1161 1863 1216 353.
1883 1160 1954 1215 edita
1976 1158 2179 1215 aBallenstsdt.
2196 1157 2232 1214 ll.
2246 1175 2289 1229 ep.
2305 1159 2331 1216 5.

1445 1238 1471 1283 et
1485 1228 1666 1283 Zsrbeirbsel.
1680 1228 1710 1283 in
1723 1230 1774 1283 den
1783 1229 2081 1287 Unsch.Necbr.1740.
2097 1249 2123 1299 p.
2132 1230 2190 1283 182.
2205 1237 2231 1280 et
2245 1245 2333 1298 nuper

1441 1296 1559 1353 sDana.
1572 1316 1612 1369 sp.
1626 1298 1687 1366 87„
1706 1317 1781 1355 nunc
1795 1317 1824 1352 ex
1836 1299 1896 1368 ipso
1910 1300 1972 1353 cod.
1982 1309 2107 1353 accurate
2121 1296 2265 1367 descripta.

1613 1450 1822 1528 Nicotao
1846 1445 2063 1523 Mcdlero

1343 1561 1387 1653 S·
1414 1587 1460 1664 D.
1510 1587 1593 1660 Non
1608 1591 1738 1675 miror,
1764 1592 1943 1661 dillieilem
1961 1591 2026 1660 tibi
2046 1614 2118 1677 esse
2133 1591 2177 1659 de
2192 1592 2332 1679 negotio

1343 1680 1611 1760 Brunsvr'ccnsi
1632 1691 1936 1765 deliberationem.
1988 1690 2077 1760 Nam
2099 1692 2137 1758 in
2162 1688 2218 1760 his
2236 1716 2335 1783 prae-

1346 1792 1466 1861 sertim
1491 1791 1704 1883 rcipublicae
1721 1794 1989 1862 confusionibus
2006 1793 2218 1862 mutationes
2239 1794 2336 1882 peri-

1347 1895 1486 1963 culosae
1503 1906 1596 1965 sunt.
1649 1891 1710 1962 Me
1725 1887 1811 1962 haec
1828 1894 1901 1964 sola
1916 1916 2017 1962 causa
2037 1893 2166 1979 movit,
2191 1906 2231 1963 ut
2247 1889 2333 1962 hor·

1348 2005 1443 2064 tator
1478 2016 1588 2063 essem
1619 1993 1857 2086 inspiciendae
1887 1994 2083 2086 ἐπισκοπῆς
2112 1994 2150 2061 in
2169 2018 2207 2062 ea
2231 1996 2332 2072 urbe,

1349 2097 1446 2190 quod
1477 2094 1605 2164 maiori
1636 2094 1800 2165 ecclesiae
1830 2109 1864 2165 et
1885 2096 2022 2163 vicinae
2043 2094 2139 2183 genti
2161 2093 2333 2164 Saxoniae

1349 2196 1486 2269 consuli
1502 2196 1676 2267 volebam.
1726 2193 1843 2266 Movit
1854 2196 2010 2265 fortassis
2033 2208 2066 2265 te
2089 2190 2258 2264 nonnihil
2281 2195 2335 2264 al-

1349 2311 1424 2368 tera
1457 2320 1578 2381 causa,
1612 2297 1708 2390 quod
1729 2297 1809 2366 aula
1831 2310 1881 2370 est
1903 2297 2147 2386 negligentior.
2205 2296 2275 2367 Sed
2299 2297 2337 2363 in

1349 2396 1564 2468 democratia
1591 2421 1667 2466 non
1694 2397 1813 2466 minus
1841 2412 1894 2467 est
1926 2398 2189 2486 molestiarum,
2230 2420 2337 2490 quam

1350 2500 1390 2568 in
1404 2499 1517 2569 aulica
1531 2498 1797 2588 gubernatione.
1846 2497 2057 2569 Multi'sunt
2076 2497 2208 2582 invidi,
2231 2497 2338 2566 multi

1350 2601 1621 2684 obtrectatores,
1645 2599 1751 2668 multi
1767 2594 1998 2669 abhorrentes
2015 2598 2230 2668 adoctrinae
2247 2599 2339 2682 luce,

1348 2701 1456 2771 multi
1476 2713 1671 2770 metuentes
1695 2697 1945 2784 Sacerdotum,
1978 2714 2018 2770 ut
2038 2686 2105 2790 ipsi
2129 2698 2339 2791 loquuntur,

1349 2824 1480 2870 novam
1493 2801 1699 2891 potentiam.
1747 2799 1843 2870 Haec
1863 2800 2066 2890 praesertim
2083 2799 2274 2890 comperies
2298 2801 2336 2867 in

1348 2902 1499 2971 urbibus
1513 2901 1717 2973 maioribus.
1767 2897 1886 2988 Quare
1901 2901 1931 2968 si
1948 2900 2213 2993 tranquillitatis
2226 2900 2338 2969 ratio-

1348 3026 1430 3071 nem
1453 2996 1583 3087 habes,
1609 3015 1645 3071 et
1666 3013 1700 3070 te
1720 3013 1754 3070 et
1773 3001 1944 3070 familiam
1970 3015 2066 3071 tuam
2088 3001 2240 3070 arbitror
2255 3025 2338 3069 sua-

1348 3125 1429 3173 vrus
1449 3102 1489 3169 in
1512 3101 1574 3170 illa
1586 3099 1830 3190 Naoburgensi
1852 3095 2072 3173 humanitate
2086 3102 2207 3171 vivere
2226 3111 2338 3192 posse.

1351 3202 1424 3273 Sed
1447 3199 1567 3272 videre
1590 3215 1625 3272 te
1653 3202 1834 3271 ecclesiam
1854 3199 2150 3272 Brunsvicensem
2174 3202 2339 3293 optarim.

1350 3301 1405 3373 De
1426 3314 1579 3387 totam,
1604 3302 1745 3392 cognito
1769 3303 1843 3372 eius
1867 3304 2030 3373 ecclesiae
2055 3315 2165 3387 statu,
2198 3304 2339 3373 facilius

1350 3404 1483 3496 poteris
1503 3402 1677 3488 iudicare,
1709 3404 1795 3496 quid
1817 3406 1991 3492 agendum
2005 3404 2061 3473 sit.
2119 3402 2224 3491 Quod
2250 3426 2336 3473 vero

1351 3507 1397 3575 ad
1419 3503 1590 3576 Senatum
1614 3506 1720 3574 scribi
1743 3506 1902 3589 volebas,
1925 3528 2004 3574 cum
2027 3518 2066 3575 tu
2092 3505 2250 3574 nondum
2273 3506 2337 3573 de-

1352 3607 1503 3677 creveris
1522 3630 1568 3675 an
1589 3605 1636 3673 sis
1661 3618 1863 3698 accepturos
1886 3606 2105 3675 functionem
2122 3604 2247 3689 aliam,
2271 3600 2339 3673 ho-

1352 3699 1497 3802 neste*)
1531 3706 1682 3776 scribere
1711 3729 1784 3775 non
1811 3705 1923 3797 potui.
1973 3705 2087 3776 Credo
2115 3706 2191 3773 sine
2219 3706 2339 3774 cnius-

1356 3833 1462 3902 quam
1485 3801 1758 3900 reprehensione
1779 3822 1812 3879 te
1831 3830 1931 3898 posse
1956 3807 2145 3897 expatiari,
2171 3821 2213 3877 ut
2238 3829 2339 3897 saepe

1352 3911 1396 3978 ad
1420 3932 1485 3979 nos
1505 3908 1696 3999 expatiatus
1718 3931 1764 3976 es.
1813 3905 1955 3997 Cogita,
1981 3931 2087 4001 quam
2103 3922 2192 3977 esset
2215 3909 2342 3977 absur-

1352 4011 1454 4094 dum,
1480 4010 1550 4079 iam
1565 4011 1748 4100 ostendere
1760 4008 2017 4098 migrationem,
2042 4033 2122 4078 cum
2138 4022 2238 4077 tuum
2254 4033 2343 4097 pro·

1352 4111 1507 4202 positum
1525 4106 1640 4179 adhuc
1657 4111 1702 4178 sit
1723 4110 1908 4179 incertum.
1957 4109 2027 4180 Sed
2047 4110 2111 4178 ubi
2131 4110 2342 4192 decreveris,

1352 4203 1725 4303 visaB1·unsviga”),
1751 4226 1871 4301 postea
1887 4211 1930 4279 ad
1946 4209 2112 4280 Senatum
2135 4223 2235 4278 tuum
2252 4210 2342 4277 scri-

1352 4312 1509 4381 bendum
1536 4311 1612 4384 erit.
1661 4309 1746 4381 Non
1767 4312 1909 4395 dubito,
1931 4311 2019 4404 quin
2040 4311 2188 4399 cogitata
2213 4305 2280 4380 hac
2304 4333 2342 4378 re

1353 4411 1556 4502 diligentius
1579 4409 1792 4502 probaturus
1816 4413 1862 4480 sis
1877 4437 1995 4482 meum
2010 4412 2218 4494 consilium,
2244 4413 2342 4505 quod

1353 4538 1428 4582 non
1447 4514 1571 4604 scripsi
1586 4515 1631 4583 ad
1646 4513 1814 4584 Senatum
1831 4528 1950 4597 tuum,
1964 4526 2068 4605 teque
2082 4535 2187 4601 rogo,
2199 4524 2239 4582 ut
2254 4512 2343 4582 boni

1353 4615 1534 4698 consulas,
1556 4616 1652 4707 quod
1669 4627 1747 4682 tuae
1764 4614 1925 4704 petitioni
1943 4639 2015 4682 non
2031 4613 2216 4684 satisfacio.
2248 4611 2344 4681 Nam

1353 4709 1525 4806 teipsum
1552 4709 1703 4783 iudicem
1727 4715 1834 4797 facio,
1859 4729 1981 4784 utrum
2008 4716 2054 4784 sit
2075 4710 2257 4783 honestius
2280 4737 2342 4780 ex-

1353 4814 1480 4906 patiari
1502 4814 1578 4881 sine
1602 4814 1855 4904 significatione
1878 4816 1964 4883 novi
1986 4817 2143 4898 consilii,
2180 4836 2225 4881 an
2252 4836 2340 4882 vero

1354 4909 1537 4983 ostendere
1554 4915 1773 5003 migrationis
1789 4919 2028 5005 propositum,
2054 4921 2136 4986 dum
2163 4915 2200 4982 id
2222 4908 2344 4984 adhue

1354 5014 1611 5087 sit'incertum.
1670 5013 1765 5086 Beue
1798 5017 1884 5089 vale.
1944 5016 2010 5086 Die
2042 5018 2099 5091 13.
2124 5015 2214 5086 Maii
2245 5040 2344 5085 anno

1357 5112 1467 5189 1544.

1455 5251 1528 5323 Nec
1560 5258 1706 5339 nuntio,
1747 5279 1810 5323 nec
1845 5255 1922 5322 aliis
1948 5256 2135 5348 quicquam
2170 5258 2212 5325 dc
2240 5278 2348 5344 argu-

1404 5369 1524 5425 mento
1547 5357 1728 5426 literarum
1755 5371 1894 5426 tuarum
1920 5357 2005 5428 dixi.

1390 5666 1419 5733 *l
1431 5665 1590 5723 ‘Zscheicha
1603 5670 1730 5723 mendose
1742 5672 1869 5724 honesta.

1378 5749 1436 5824 Ὺ)
1455 5748 1582 5805 Ballanst.
1595 5750 1710 5807 mutavit
1723 5751 1789 5806 hsce
1802 5761 1830 5805 ct
1842 5754 1939 5809 edidit:
1958 5757 2017 5808 ss'se
2026 5756 2234 5820 Bramagara.
