5325 6917
439 715 515 796 689
540 747 543 753 ·
1023 704 1458 785 EPISTOLARUM
1507 699 1621 788 LIBJ
1646 706 1711 786 IX.
1765 707 1897 789 1⁶45.
2406 715 2490 790 64⁰

446 883 667 965 dioecesibus
688 879 906 952 Consistoria
927 880 1160 967 constituere,
1192 907 1283 977 quae
1306 906 1439 974 cogno-
1488 880 1593 951 etiam
1610 879 1671 949 alii
1687 876 1826 953 honesti
1850 897 1885 955 et
1900 884 1996 955 docti
2011 884 2081 955 vici
2099 883 2217 955 Deum
2231 885 2426 974 timentes,
2450 914 2486 960 ac

446 1004 547 1068 scant
568 1001 603 1059 et
630 984 829 1056 diiudicent
861 984 1118 1054 controversias
1147 985 1437 1065 matrimoniales,
1486 982 1612 1051 idonei
1628 983 1939 1071 adiudicandum,
1963 981 2299 1081 tanquamhonesta
2325 991 2486 1062 membra

445 1087 662 1169 Christianis
685 1085 867 1157 sententiis
885 1084 981 1155 iuxta
998 1087 1148 1157 verbum
1164 1085 1249 1174 Dei,
1274 1085 1439 1176 Evange-
1487 1080 1666 1154 Ecclesiae
1682 1084 1788 1155 etiam
1805 1109 1846 1155 ex
1857 1087 1968 1161 laicis.
2025 1087 2116 1159 Cum
2134 1089 2230 1158 enim
2243 1086 2487 1163 Christusin·

447 1197 558 1279 lium,
595 1203 630 1260 et
658 1188 737 1258 illas
758 1182 923 1257 honestas
956 1187 1065 1278 leges,
1091 1213 1181 1282 quae
1211 1190 1250 1259 in
1281 1186 1439 1259 Ecclesia
1488 1186 1584 1280 quita
1623 1180 1701 1255 Dic
1716 1182 1924 1273 Ecclesiae,
1954 1203 1989 1258 et
2016 1184 2074 1259 his
2096 1191 2214 1262 verbis
2243 1194 2418 1280 mandat,
2450 1212 2487 1268 ut

446 1291 584 1370 Christi
606 1316 626 1360 a
649 1290 718 1381 piis
741 1301 777 1359 et
790 1290 1025 1381 prudentibus
1042 1285 1255 1362 Christianis
1270 1292 1355 1361 inde
1379 1313 1441 1361 us-
1488 1311 1668 1358 summum
1682 1288 1855 1359 iudicium
1871 1290 1918 1360 sit
1932 1289 2262 1383 penesEcclesiam,
2288 1299 2403 1368 docet
2418 1322 2486 1369 nou

447 1422 517 1494 que
526 1398 571 1466 ab
579 1392 759 1484 Apostolis
773 1404 942 1484 tanquam
956 1386 1124 1486 honestae
1138 1391 1254 1465 etDeo
1263 1395 1441 1485 placentes
1487 1402 1626 1461 tantum
1647 1412 1756 1459 unam
1777 1404 1913 1481 partem
1927 1390 2105 1464 Ecclesiae
2124 1395 2258 1467 scilicet
2273 1394 2488 1494 Episcopus,

448 1501 623 1572 iudicatae
643 1509 743 1579 sunt,
766 1518 812 1562 ne
826 1488 1001 1564 Ethnicac
1023 1511 1057 1567 et
1073 1493 1245 1566 Turcicae
1260 1495 1441 1566 conlusio·
1487 1492 1549 1560 sed
1578 1490 1684 1560 etiam
1713 1515 1755 1560 ex
1784 1493 1931 1587 reliquis
1952 1487 2120 1585 gradibus
2145 1498 2272 1589 populi
2299 1501 2486 1592 eligendos

447 1626 511 1674 nes
536 1598 729 1669 libidinum
752 1597 912 1668 existant.
964 1593 1053 1667 Item
1073 1610 1231 1688 pastores
1251 1597 1441 1667 cuiuslibet
1488 1616 1562 1661 esse
1582 1593 1718 1662 iudices
1739 1594 1908 1680 idoneos,
1933 1598 1996 1690 qui
2018 1597 2091 1669 sint
2109 1602 2270 1670 membra
2293 1598 2489 1691 Ecclesiae,

374 1743 377 1747 ·
446 1704 518 1776 loci
533 1701 706 1784 mandent
720 1699 790 1768 reis
807 1697 1021 1782 criminum,
1048 1711 1089 1767 ut
1105 1722 1141 1767 se
1157 1700 1356 1770 emendent.
1399 1696 1440 1767 si
1488 1689 1651 1764 homines
1665 1690 1823 1781 honesti,
1848 1699 1961 1783 docti,
1984 1697 2101 1769 Deum
2117 1701 2293 1776 timentes.
2346 1701 2400 1775 Et
2413 1709 2488 1778 vult

447 1830 524 1877 non
538 1804 579 1873 fic
594 1801 810 1883 emendatio,
835 1799 995 1870 indicent
1009 1824 1067 1869 eos
1082 1797 1319 1883 consistorio,
1344 1801 1440 1892 quod
1490 1790 1555 1867 hos
1580 1820 1721 1889 quoque
1753 1793 1883 1869 habere
1907 1823 2009 1870 voces
2038 1796 2230 1899 decisiva's,
2261 1803 2356 1875 sicut
2380 1803 2489 1880 hodie

448 1910 531 1982 citet
543 1926 641 1987 reos,
666 1916 701 1971 et
716 1903 837 1971 audito
855 1903 996 1991 negotio
1012 1902 1138 1992 puniat
1153 1916 1292 1986 sontes,
1317 1925 1357 1970 ac
1375 1926 1441 1971 no·
1481 1899 1583 1988 ‚eistat
1597 1899 1688 1967 liber
1703 1913 1862 1970 actorum
1879 1904 2021 1971 concilii
2039 1898 2207 1995 Ephesii,
2232 1905 2270 1975 in
2284 1931 2359 2000 quo
2376 1934 2490 2002 appa-

447 2007 612 2080 miuatim
644 2000 711 2073 hae
735 2026 875 2072 caussae
905 2004 950 2072 ad
983 1998 1051 2073 hoc
1077 2005 1195 2074 forum
1223 2003 1440 2088 deferantur,
1489 2014 1544 2070 ret
1563 1999 1670 2069 etiam
1693 2002 1916 2095 presbyteros
1939 2019 1974 2076 et
1995 2005 2169 2088 diaconos,
2195 2002 2366 2080 hahuisse
2387 2038 2489 2084 voces

447 2133 535 2207 quas
549 2108 696 2200 prolana
710 2118 862 2194 potestas
876 2105 1032 2194 negligit.
1491 2102 1673 2175 decisivas.

548 2204 596 2278 Si
608 2207 691 2305 quis
699 2203 852 2305 salsum
867 2199 1004 2300 dogma
1019 2204 1178 2302 spargit.
1359 2221 1362 2227 '
2077 2272 2084 2291 .

537 2305 595 2379 ¹Si
614 2307 697 2406 quis
724 2306 979 2379 contumeliose
1010 2306 1174 2406 loquitur
1196 2303 1238 2378 cle
1262 2306 1439 2402 religione
1862 2266 1926 2340 Β(
1951 2266 2112 2350 δώοὴε·

444 2405 688 2497 Christiana,
715 2418 780 2479 aut
797 2405 839 2479 ele
856 2406 1123 2481 Sacramentis.
1589 2401 1975 2500 Manifestissimum⁴⁷)
2001 2424 2052 2480 est
2073 2415 2291 2486 necessarias
2315 2440 2396 2488 esse
2413 2421 2488 2491 lite

547 2509 594 2584 Si
640 2512 699 2582 uis
722 2521 796 2581 toto
827 2535 929 2580 anno
956 2535 1018 2581 nec
1045 2509 1313 2582 absolutionem
1336 2508 1439 2608 petit,
1490 2528 1547 2574 ras
1564 2519 1599 2575 et
1612 2502 1749 2577 scholas
1765 2509 1948 2578 literarum
1964 2512 2009 2579 ad
2025 2516 2338 2588 conservationem
2355 2536 2391 2592 et
2406 2547 2487 2613 pro-

447 2538 660 2687 necacceriit
675 2609 730 2682 ad
744 2634 891 2681 coenam
906 2608 1077 2681 Domini.
1492 2608 1715 2698 pagationem
1736 2609 1917 2679 doctrinae
1940 2608 2128 2703 Evangelii
2137 2611 2186 2715 ⁴⁸)
2209 2616 2283 2700 †et
2308 2624 2359 2691 ad
2381 2636 2487 2696 totam

550 2710 700 2811 Siquis
724 2708 944 2783 contumelia
967 2708 1088 2812 afficit
1111 2721 1295 2812 pastorem
1311 2709 1441 2784 Eccle-
1491 2709 1821 2798 gubernationem”
1889 2708 1980 2780 Nam
2017 2718 2178 2789 doctrina
2218 2715 2423 2796 christiana
2436 2723 2488 2821 49)

445 2818 536 2898 siae,
563 2825 629 2885 aut
645 2812 745 2884 alios
760 2810 968 2908 Evangelii
985 2814 1186 2889 ministros.
1492 2835 1567 2880 non
1580 2824 1632 2881 est
1644 2806 1876 2903 Philosophia
1891 2836 1952 2884 seu
1969 2818 2095 2889 notitia
2110 2820 2228 2891 indita
2243 2829 2486 2915 nascentibus,

548 2914 595 2989 Si
616 2917 699 3013 qais
720 2911 827 3013 apud
843 2939 881 2985 se
902 2914 1034 3012 palam
1049 2925 1208 2987 scortum
1230 2927 1297 2988 aut
1313 2941 1442 2988 cancu-
1492 2914 1584 2984 sicut
1603 2928 1915 2985 autnumerorum
1950 2918 2095 3006 notitia,
2128 2937 2190 2994 aut
2215 2924 2306 3016 legis
2329 2937 2488 3018 naturae,

444 3022 573 3094 binam
591 3015 675 3087 alit.
1492 3018 1552 3084 sed
1580 3030 1633 3085 est
1656 3017 1860 3085 mirandum
1891 3018 2071 3091 decretum
2091 3019 2161 3093 Dei
2193 3030 2334 3099 aeterni
2367 3035 2486 3124 patris,

551 3114 662 3190 Side
685 3117 872 3192 adulterio
894 3115 1071 3190 adversus
1093 3115 1256 3217 aliquem
1279 3129 1345 3190 aut
1365 3117 1442 3191 ali-
1491 3116 1576 3199 filii,
1598 3130 1631 3186 et
1652 3115 1807 3209 Spiritus
1826 3120 1957 3205 sancti,
1976 3122 2020 3191 de
2041 3124 2114 3194 lilio
2137 3129 2360 3220 mediatore,
2391 3138 2487 3206 etde

445 3221 683 3392 qnamlnma
703 3219 916 3293 verisimilis
925 3221 1064 3318 fertur.
1491 3217 1701 3289 remissione
1714 3234 1938 3313 peccatorum
1954 3246 1994 3292 ac
2017 3225 2243 3301 restitutione
2257 3234 2355 3305 vitae
2379 3250 2486 3309 aeter·

579 3322 692 3420 iquis
707 3323 1009 3423 quaestamsacit
1026 3322 1159 3394 usuris.
1491 3344 1574 3404 nae,
1599 3323 1696 3414 quod
1709 3323 1948 3394 decretumrex
1963 3323 2044 3396 sinu
2070 3332 2205 3416 aeterni
2229 3337 2344 3426 patris
2369 3341 2484 3431 prole.
2514 3329 2515 3402 3

548 3418 598 3492 Si
615 3422 756 3494 iuvenes
777 3434 1002 3495 contumaces
1025 3434 1152 3496 contra
1179 3435 1349 3523 parentes
1374 3432 1440 3495 aut
1490 3435 1567 3492 tum
1590 3422 1683 3493 filius
1705 3424 1879 3516 patefecit.
1933 3422 2045 3519 quue
2060 3427 2157 3501 Deus
2181 3436 2300 3506 voluit
2324 3445 2483 3513 mandari

447 3522 567 3607 alios,
593 3522 727 3622 quibus
743 3522 988 3595 commendati
1004 3536 1108 3617 sunt,
1136 3521 1271 3598 dedunt
1295 3553 1333 3599 se
1359 3523 1441 3599 hel·
1490 3525 1623 3609 literis,
1647 3549 1711 3618 per
1725 3520 1922 3618 Prophetas
1938 3540 1972 3598 et
1987 3527 2177 3621 Apostolos
2191 3549 2229 3609 et
2251 3532 2387 3611 horum
2404 3547 2484 3614 scri-

447 3625 679 3700 luationibus
696 3635 727 3696 et
745 3620 957 3698 inhonestos
973 3621 1082 3697 ludos
1100 3639 1272 3705 exercent.
1491 3640 1551 3719 pta
1564 3627 1632 3717 legi
1647 3653 1687 3704 ac
1705 3628 1823 3698 audiri
1845 3630 2036 3705 mandavit.
2089 3633 2210 3725 Quare
2234 3642 2382 3713 etiamsi
2402 3648 2480 3717 aliae
2512 3633 2515 3652 ¹

548 3729 645 3800 Haec
663 3726 883 3801 Consistoria
905 3724 1038 3801 habent
1052 3743 1259 3822 potestatem
1275 3735 1440 3804 ferendae
1491 3742 1611 3818 gentes
1630 3744 1665 3800 et
1684 3729 1872 3822 religiones
1896 3754 2012 3802 carere
2034 3736 2147 3807 literis
2173 3758 2344 3832 possent,
2370 3761 2477 3819 tamen
2514 3833 2515 3838 ἵ

447 3833 643 3904 sententiae
657 3832 1042 3906 excommunicationis.
1067 3829 1116 3902 Et
1131 3837 1307 3905 sententia
1319 3836 1440 3906 mitta-
1490 3829 1648 3901 Ecclesia
1670 3829 1739 3901 D'ei
1759 3855 1875 3904 carere
1895 3833 2028 3921 literis,
2053 3826 2258 3936 linguarum
2282 3845 2477 3939 cognitione

446 3951 506 4006 tur
521 3938 564 4005 ad
580 3930 775 4005 Ecclesiam
791 3936 867 4005 eius
884 3936 969 4020 loci,
985 3935 1049 4005 ubi
1066 3938 1359 4008 excommunicati
1374 3940 1439 4007 do·
1491 3945 1526 4001 ct
1546 3932 1746 4003 eruditione
1770 3959 1845 4007 non
1876 3949 2000 4025 potest.
2056 3936 2110 4011 Ac
2141 3946 2246 4015 valde
2279 3974 2378 4041 opus
2404 3969 2478 4026 esset

446 4036 620 4106 micilium
636 4050 705 4121 est,
731 4051 765 4106 et
786 4037 839 4105 ihi
848 4052 914 4108 aut
927 4037 1094 4108 recitetur
1109 4039 1284 4108 sententia
1298 4039 1336 4108 in
1352 4062 1436 4108 con·
1490 4034 1587 4124 pios,
1619 4036 1794 4122 eruditos,
1827 4038 1969 4128 peritos·
1992 4052 2026 4109 et
2063 4047 2256 4133 prudentes
2289 4041 2479 4148 Episcopus

446 4138 569 4219 cione,
583 4151 646 4208 aut
661 4138 788 4229 scripta
803 4140 966 4229 alligatur
979 4139 1023 4207 ad
1042 4139 1166 4229 templi
1180 4140 1341 4210 ianuam:
1369 4137 1439 4209 Po-
1491 4134 1664 4227 inspicere
1680 4133 1818 4209 scholas
1835 4152 1869 4208 et
1882 4140 2033 4210 maxime
2051 4139 2136 4216 haec
2153 4150 2273 4221 studia
2289 4178 2427 4248 regere.

432 4240 552 4333 ·pulus
573 4263 657 4309 vero
679 4239 775 4311 iuxta
798 4242 956 4330 regulam
978 4239 1082 4310 Pauli
1103 4243 1291 4328 doccatur,
1315 4267 1361 4311 nc
1375 4243 1441 4311 ad·
1591 4236 1751 4309 Primum
1762 4237 1994 4331 Theologica:
2014 4241 2161 4318 Necesse
2171 4264 2223 4321 est
2237 4256 2477 4355 enimaliquos

444 4337 567 4413 hibeat
595 4343 914 4413 excommunicatos
930 4339 979 4437 ⁴³)
1008 4344 1053 4412 ad
1082 4343 1283 4415 societatem
1305 4343 1440 4414 officio-
1491 4362 1616 4429 magna
1641 4343 1827 4414 autoritate
1852 4344 2029 4434 praeditos
2050 4372 2227 4440 praeesse,
2261 4360 2332 4449 qui
2355 4375 2477 4445 curent

443 4469 524 4515 rum
541 4442 880 4518 Ecclesiasticorum.
931 4441 998 4514 Est
1018 4458 1136 4514 autem
1160 4460 1358 4517 contemtor
1381 4469 1440 4515 ex·
1489 4465 1535 4511 ne
1562 4442 1743 4515 doctrinae
1772 4442 2035 4517 Ecclesiasticae
2067 4453 2203 4542 puritas
2234 4479 2478 4556 corrumpatur

441 4547 777 4628 ¹communicationis
792 4572 857 4638 pro
872 4547 956 4616 facti
971 4547 1165 4631 atrocitate,
1181 4562 1216 4619 et
1233 4572 1253 4617 a
1268 4561 1439 4640 potestate
1490 4568 1510 4614 a
1530 4546 1773 4637 petulantibus
1796 4563 1830 4619 et
1849 4548 1967 4640 pravis
1989 4549 2151 4640 ingeniis.
2203 4553 2417 4636 Retinenda
2434 4580 2477 4637 est

444 4646 603 4735 gladium
622 4662 762 4734 gerente
778 4651 1004 4721 coiircendus.
1055 4647 1146 4717 Nam
1169 4664 1323 4740 potestas
1344 4650 1439 4743 poli·
1490 4660 1525 4717 et
1542 4647 1723 4718 doctrinae
1737 4651 1945 4733 concordia,
1972 4664 2004 4719 et
2023 4654 2250 4728 voluntatum
2268 4668 2477 4752 coniunctio,

444 4747 514 4818 tica
529 4743 726 4816 Ecclesiam
741 4748 779 4815 in
802 4753 932 4820 tuenda
946 4752 1005 4842 pia
1028 4750 1215 4838 disciplina
1231 4752 1353 4824 iuvare
1376 4754 1439 4822 de·
1490 4750 1574 4845 quia
1600 4772 1702 4842 saepe
1726 4774 1767 4818 ex
1791 4752 1939 4841 privatis
1963 4753 2055 4825 odiis
2084 4759 2255 4832 oriuntur
2278 4768 2476 4860 dogmatum

446 4850 523 4934 bet,
548 4844 785 4919 utRom.15.
809 4852 979 4941 scriptum
1004 4870 1070 4925 est:
1104 4845 1273 4923 Potestas
1292 4851 1343 4924 sit
1367 4861 1439 4922 ter·
1488 4849 1646 4922 dissidia.
1703 4848 1785 4921 Sint
1815 4853 1920 4922 etiam
1949 4857 2077 4929 delecti
2103 4861 2269 4934 censores
2296 4872 2429 4944 eruditi
2451 4885 2477 4939 et

446 4947 526 5019 rori
540 4972 609 5047 pro
629 4945 732 5017 malo
755 4947 857 5044 operi
876 4960 907 5019 et
930 4945 1067 5022 horrare
1089 4947 1243 5044 adficiat
1265 4965 1353 5023 recte
1366 4954 1457 5054 sa-‘
1489 4972 1629 5041 graves,
1655 4953 1720 5045 qui
1735 4952 1910 5042 iudicent,
1931 4983 2021 5052 quae
2037 4962 2165 5055 scripta
2178 4964 2290 5041 liccat
2304 4974 2387 5061 edi,
2401 4996 2477 5069 quac

445 5048 643 5148 cientes⁴⁵).
694 5049 744 5121 Et
755 5049 882 5120 Esaiae
898 5049 960 5125 48.
985 5047 1108 5144 Reges
1122 5063 1225 5125 erunt
1241 5056 1439 5127 nutritores
1488 5076 1564 5123 non
1579 5052 1653 5125 sint
1670 5056 1816 5131 edenda.

445 5150 647 5239 Ecclesiae,
681 5154 718 5222 id
736 5167 798 5235 est,
817 5153 976 5252 foveant
992 5163 1023 5221 et
1035 5162 1232 5250 protegant
1247 5156 1439 5231 ministros
1590 5154 1768 5229 Secundo.
1821 5156 2276 5265 lutentntisstudia,quae
2293 5179 2346 5248 ad
2364 5201 2478 5250 casar-

444 5252 654 5350 Evangelii
674 5264 706 5326 et
726 5265 890 5349 augeant
914 5255 1148 5328 reverentiam
1167 5255 1375 5356 Evangelii
1399 5262 1438 5334 in
1488 5246 1540 5328 tes
1563 5271 1597 5329 et
1617 5259 1758 5350 linguas
1782 5264 2040 5356 assuefacienda
2058 5281 2128 5354 est,
2154 5296 2248 5366 quae
2271 5271 2478 5352 necesaria

361 5372 365 5378 ’
443 5355 594 5457 populo.
1489 5363 1639 5432 suntad
1661 5361 1932 5454 explicationem
1956 5368 2169 5460 scriptorum
2183 5373 2477 5471 Propheticorun

546 5460 617 5534 Sed
634 5464 818 5552 praecedat
839 5464 877 5532 in
902 5462 1068 5534 omnibus
1087 5467 1217 5535 caussis
1231 5491 1314 5537 vera
1330 5480 1365 5539 et
1380 5469 1437 5562 pia
1490 5477 1525 5535 et
1537 5459 1837 5556 Apostolicorum.

445 5565 616 5655 cognitio,
643 5587 683 5632 ac
708 5564 779 5636 siut
801 5566 935 5637 iudices
957 5588 1032 5636 non
1049 5566 1117 5635 soli
1136 5569 1351 5656 sacerdotes,
1376 5574 1438 5642 sed

1521 5720 1572 5790 tt)
1588 5719 1652 5775 Pes.
1670 5723 1863 5794 Manifestum·
1898 5760 1904 5768 -

480 5798 526 5867 45)
544 5798 678 5853 adhibeat
690 5800 965 5868 excommunicatae]
983 5802 1048 5859 Per.
1066 5802 1238 5872 Meretur
1256 5802 1333 5857 eata.
1522 5802 1570 5873 48)
1585 5804 1755 5876 Evangelii]
1771 5807 1835 5863 Per.
1855 5809 2073 5872 Eatcsureuae.

477 5883 525 5956 46)
541 5884 604 5940 Pes.
623 5885 733 5953 terrori
742 5885 822 5937 melo
832 5888 911 5952 aperi
920 5895 949 5940 te
960 5890 1066 5980 honori
1074 5889 1155 5944 berra
1523 5888 1572 5956 49)
1590 5890 1761 5961 mutuno]
1781 5890 1846 5949 Pes.
1865 5897 2062 5954 ecelesiastica.
