5325 6917
796 672 1264 806 ¹urusr'or'nlrsuur
1323 685 1430 764 mu.
1460 687 1524 762 uc
1577 687 1707 767 1545.

895 866 973 946 (fere
1000 869 1028 931 d.
1054 874 1112 936 26.
1134 862 1217 948 lan.)

857 969 1237 1007 em

623 1075 862 1165 Studiosis.

350 1247 457 1321 Scripta
478 1247 555 1319 publ.
576 1247 703 1305 Witteb.
721 1250 741 1306 l.
759 1268 787 1322 p.
803 1251 854 1305 107
862 1250 889 1304 b.

625 1397 863 1495 (Studiosis.)

249 1513 429 1606 Amemus
444 1524 663 1627 Phocylr‘dis
680 1558 833 1614 carmen,
856 1547 890 1604 et
904 1535 998 1604 lectu
1014 1532 1161 1622 dignum
1181 1545 1241 1604 est.

248 1638 318 1709 Sed
333 1635 448 1705 multo
470 1636 584 1725 pluris
602 1636 805 1705 iaciendum
830 1649 880 1706 est
895 1633 943 1707 D.
957 1628 1147 1704 Ioochimr'
1161 1620 1241 1702 Co-

247 1736 402 1809 mero'rii
418 1761 560 1807 carmen
569 1731 621 1832 *),
651 1763 721 1829 quo
740 1751 773 1807 et
785 1735 1000 1828 Decalogum
1017 1751 1052 1807 et
1066 1760 1239 1806 summam

247 1838 436 1931 Evangelii
451 1839 708 1929 elegantissime
725 1840 926 1931 complexus
943 1854 1005 1913 est.
1040 1839 1081 1907 ld
1098 1862 1239 1908 carmen

248 1966 415 2014 enarrare
432 1942 571 2010 decrevi
587 1953 665 2033 post
680 1965 810 2032 paucos
828 1942 913 2015 dies.
964 1940 1126 2033 Cumque
1142 1964 1238 2010 nunc

247 2045 404 2135 exempla
431 2036 567 2136 aliquot
591 2042 696 2113 allata
721 2044 811 2127 sint,
843 2038 968 2113 hortor
991 2037 1239 2128 scholasticos,

247 2162 287 2218 ut
309 2160 438 2218 emant.
490 2144 572 2215 Scio
595 2145 701 2213 bonis
725 2160 758 2213 et
780 2146 948 2216 studiosis
973 2146 1022 2214 ita
1045 2146 1236 2213 iucundam

246 2252 323 2318 fore
337 2261 371 2317 et
385 2270 528 2316 suavem
543 2241 650 2316 huius
666 2248 839 2337 po'c‘matis
856 2248 1054 2331 lectionem,
1073 2260 1115 2315 ut
1132 2246 1236 2315 etiam

247 2350 364 2419 autori
396 2349 543 2439 gratiam
573 2343 732 2418 habituri
750 2348 847 2433 sint,
888 2351 985 2442 quod
1013 2346 1171 2436 scripsit,
1205 2359 1239 2415 et

246 2476 363 2520 meum
398 2451 586 2521 consilium
613 2453 657 2519 de
691 2451 913 2520 enarratione
940 2449 1127 2542 probaturi
1155 2449 1238 2521 sint.

247 2554 350 2622 Talia
376 2554 505 2645 scripta
529 2565 738 2623 ornamento
767 2563 849 2621 sunt
871 2550 1049 2622 Ecclesiae
1080 2552 1238 2622 eruditos

246 2656 412 2728 invitant.

244 2864 764 2882 -----—-—··--·-·-—-
776 2863 945 2871 ..-......-..-
954 2863 1014 2870 --,-
1024 2863 1116 2869 -.....
1127 2861 1228 2869 ..-

221 2944 224 2951 '
252 2981 448 3058 Nosrso.

248 3083 461 3118 Μ

583 3180 636 3268 V.
668 3179 906 3265 Theodoro

312 3366 393 3440 Edita
409 3364 437 3419 in
455 3362 615 3447 Appendice
634 3380 648 3415 e
668 3360 741 3417 istol.
760 3360 823 3415 libri
840 3362 889 3415 lV.
907 3378 935 3432 p.
950 3362 976 3416 5.
993 3392 1029 3403 -
1064 3362 1117 3419 llic
1134 3382 1165 3418 er
1185 3382 1238 3418 au-

347 3432 482 3507 tographo
501 3452 529 3487 m
548 3431 610 3489 cod.
661 3449 740 3487 onae.
756 3435 780 3486 l.
800 3449 828 3503 p.
843 3430 905 3485 607.

243 3592 297 3670 D.
328 3590 433 3665 Vito
455 3584 705 3661 Theodoro
727 3583 881 3659 docendi
896 3584 1082 3683 Evangel.
1107 3587 1145 3658 in
1162 3586 1238 3659 Ec-

610 3688 721 3761 clesia
739 3687 875 3765 Norib.

242 3811 287 3901 S.
313 3831 358 3906 D.
412 3828 460 3901 Et
478 3844 538 3900 tua
554 3844 587 3901 et
602 3828 758 3921 Reipub.
775 3855 877 3902 causa
894 3832 997 3900 valde
1014 3831 1135 3911 doleo,
1161 3855 1237 3899 ma-

211 3981 215 3986 ·
243 3960 330 4006 num
348 3948 456 4017 tuam,
481 3932 581 4001 cuius
594 3956 721 4023 operae
735 3946 886 4023 prosunt
897 3930 1081 4002 Ecclesiae
1097 3946 1131 4001 et
1144 3933 1237 4000 mul-

244 4040 289 4110 tis
313 4036 452 4119 amicis,
487 4035 613 4103 morbo
641 4046 717 4102 tum
752 4034 936 4125 impediri,
968 4048 1044 4104 tum
1075 4035 1236 4107 cruciari.

243 4138 297 4211 Ac
309 4136 425 4209 Deum
440 4160 524 4219 oro,
550 4147 641 4205 utet
664 4149 717 4214 te,
740 4148 775 4205 et
792 4159 923 4225 organa
939 4136 1138 4205 studiorum
1163 4156 1236 4205 ser-

214 4286 217 4289 «
244 4254 301 4311 vet
314 4237 492 4311 Ecclesiae
508 4260 601 4305 suae.
631 4234 714 4305 Non
727 4239 859 4309 mortui
876 4239 1074 4309 laudabunt
1091 4253 1134 4323 te,
1159 4237 1235 4306 Do-

243 4344 353 4427 mine,
378 4365 486 4435 quare
502 4339 579 4430 pios
594 4353 628 4409 et
643 4339 813 4408 salutares
828 4342 988 4409 doctores
1005 4363 1104 4409 serva
1120 4355 1154 4409 et
1170 4364 1236 4430 gu-

242 4447 364 4516 berna.
416 4441 628 4531 Magistrum
661 4436 868 4511 Erosmum
895 4434 1088 4520 Flaccum,
1106 4442 1234 4510 ,civem

242 4561 417 4629 vestrum,
443 4569 483 4613 ac
507 4536 795 4638 συμφιλόσοφον
818 4555 998 4623 nostrum,
1026 4545 1142 4611 virum
1167 4538 1233 4611 ho-

243 4663 383 4721 nestum
408 4660 444 4718 et
467 4646 664 4729 eruditum,
689 4646 755 4714 tihi
780 4646 1007 4729 commendo,
1033 4658 1136 4737 teque
1159 4669 1233 4729 oro,

240 4766 281 4824 ut
296 4752 359 4831 iis,
386 4750 480 4839 apud
497 4770 584 4838 quos
609 4747 832 4817 autoritatem
854 4762 933 4818 tuae
955 4746 1233 4817 commendatio-

241 4856 300 4923 nis
314 4853 539 4943 profuturam
555 4847 587 4915 ei
602 4848 806 4933 arbitraris,
831 4845 995 4919 hortator
1012 4849 1072 4931 sis,
1097 4863 1136 4919 ut
1153 4873 1234 4918 eum

1091 2979 1228 3102 Q.

2207 701 2284 775 670

1292 863 1351 930 sed
1379 885 1420 931 eo
1448 862 1570 947 etiam,
1604 877 1644 931 ut
1669 863 1777 933 vestri
1808 879 1999 952 agnoscant
2028 869 2214 941 consilium
2237 875 2281 943 de

1291 957 1418 1033 studiis
1450 960 1704 1035 mathematum
1739 965 1776 1031 in
1816 966 1905 1035 urbe
1945 982 2058 1039 vestra
2089 971 2282 1059 institutis,

1291 1068 1456 1155 prodesse
1471 1067 1592 1137 multis
1615 1068 1789 1156 gentibus.
1841 1065 1959 1138 Huius
1983 1070 2080 1138 enim
2097 1073 2281 1163 ingenium

1290 1167 1405 1258 patria
1439 1168 1594 1260 primum
1625 1170 1669 1237 ad
1704 1163 1916 1239 mathemata
1943 1171 2136 1247 assuefecit.
2186 1174 2281 1247 Novi

1290 1264 1385 1336 nihil
1413 1264 1603 1354 hahemus,
1645 1269 1714 1337 nisi
1739 1264 1878 1363 Regem
1904 1264 2097 1344 Gallicum
2129 1276 2281 1347 scribere

1289 1365 1467 1439 Ecclesiae
1503 1372 1809 1457 reformationem,
1841 1387 2009 1467 tanquam
2041 1374 2282 1472 παρασκευὴν

1289 1469 1461 1553 Consilii,
1489 1486 1523 1542 et
1547 1475 1591 1541 ad
1615 1472 1713 1541 illam
1738 1498 1838 1544 suam
1862 1479 2195 1549 commentationem
2218 1504 2282 1549 ne-

1287 1573 1422 1640 minem
1445 1568 1632 1660 adhibere,
1665 1576 1736 1644 nisi
1760 1578 1847 1647 duas
1870 1577 2051 1664 mulieres,
2083 1605 2172 1673 quae
2198 1595 2283 1652 sunt

1289 1674 1321 1740 ei
1338 1675 1471 1767 alioqui
1489 1675 1794 1750 familiarissimae.
1845 1676 1925 1748 Hoc
1943 1704 2033 1772 pene
2056 1678 2149 1751 mihi
2166 1682 2282 1753 simile

1289 1774 1598 1847 videtur'Antonii
1616 1779 1951 1866 deliberationibus,
1978 1782 2040 1875 qui
2057 1781 2281 1877 Cleopatram

1288 1877 1440 1947 debello
1457 1880 1674 1950 consulebat.
1706 1878 1804 1951 Bene
1820 1883 1908 1956 vale.
1943 1880 2065 1953 Pridie
2079 1884 2157 1976 Cal.
2174 1884 2281 1961 Febr.

1721 2072 1724 2080 .
1789 2010 1981 2107 Philippus
2003 2014 2230 2093 Melanthon.

1389 2210 1540 2305 Scripsit
1569 2210 1658 2284 mihi
1694 2214 1857 2285 Medicus
1887 2214 2114 2304 Macedonis,
2153 2219 2282 2291 dixisse

1287 2313 1501 2405 principem,
1528 2340 1564 2384 se
1581 2317 1773 2387 missurum
1789 2341 1861 2387 esse
1877 2319 1921 2387 ad
1939 2314 2206 2415 Rosebtrgium
2229 2323 2283 2390 le-

1286 2429 1419 2610 gatuqr5
1439 2418 1502 2510 qui
1517 2418 1572 2486 illi
1587 2420 1848 2510 acceptissimus
1864 2420 1920 2502 sit,
1940 2436 1982 2493 ut
1996 2423 2040 2492 de
2053 2419 2283 2518 Hieronymo

1286 2531 1365 2607 agat
1422 2570 1432 2590 .

1301 2729 1443 2737 ——an-
1462 2731 1466 2735 .
1480 2731 1555 2737 --,....
1581 2729 2271 2744 -.φη-...ψ--ι--ι--ι--ι--ῇ-ω-οκ

1285 2845 1353 2919 Νο.
1369 2848 1482 2921 8131.
1601 2939 1609 2945 ¹

1293 2942 1465 2972 m
1859 2857 2000 2936 (fortasse
2022 2862 2082 2923 hoo
2106 2865 2233 2945 mense.)

1815 2949 2277 2995 m

1556 3048 1705 3134 Ioaoh.
1741 3048 2002 3141 Camerario.

1356 3226 1441 3297 Epist.
1461 3227 1493 3282 ad
1513 3229 1651 3284 Camerar.
1669 3249 1695 3301 p.
1711 3231 1769 3285 503.
1789 3233 1847 3303 (ed.
1865 3234 1955 3291 Lond.
1975 3238 2026 3294 lV.
2044 3258 2087 3313 ep.
2105 3241 2187 3310 659.).

1287 3379 1513 3457 Clarissimo
1535 3387 1613 3457 viro
1635 3384 1837 3463 eruditione
1864 3404 1897 3465 et
1923 3395 2052 3467 virtute
2072 3401 2283 3495 praestanti

1331 3483 1581 3558 Ioocltimo
1608 3478 1729 3561 Com.
1756 3489 1851 3571 Pas.
1878 3496 1997 3568 amico
2022 3525 2090 3571 suo
2114 3500 2242 3579 eorr'ss.

1285 3601 1331 3691 S.
1358 3622 1404 3697 D.
1440 3624 1581 3711 ,Virtus
1614 3652 1675 3698 sua
1703 3655 1868 3728 quenque
1899 3636 2050 3706 maxime
2078 3642 2280 3729 prudentib.

1287 3730 1520 3797 commendat.
1573 3728 1694 3817 Quare
1722 3758 1802 3803 cum
1826 3731 1883 3806 hic
1905 3729 1984 3805 Leo
2003 3735 2050 3810 V
2043 3737 2281 3812 rotislovien-

1285 3822 1356 3913 sis,
1382 3830 1525 3900 auditor
1540 3845 1680 3912 noster,
1707 3847 1747 3902 ut
1761 3859 1801 3902 ex
1825 3838 1898 3904 eius
1915 3840 2068 3909 carmine
2091 3842 2280 3935 intelliges,

1285 3928 1421 3999 litteras
1437 3934 1480 3999 ad
1497 3945 1530 4000 te
1544 3932 1733 4019 flagitaret,
1757 3937 1879 4006 addidi
1899 3940 2068 4031 scriptum
2085 3942 2216 4033 ipsius,
2238 3960 2281 4016 ut

1285 4031 1418 4119 ingenii
1440 4032 1617 4120 specimen
1637 4033 1786 4106 videres.
1847 4035 1941 4108 Mihi
1968 4056 2093 4113 natura
2116 4048 2160 4114 ad
2185 4046 2279 4118 litte-

1284 4154 1342 4200 ras
1359 4132 1526 4202 virtutem
1542 4132 1683 4214 idonea,
1709 4138 1780 4207 imo
1797 4152 1830 4209 et
1847 4163 2014 4229 generosa
2029 4146 2180 4222 videtur.
2230 4145 2279 4221 Et

1284 4233 1443 4304 excultus
1461 4248 1512 4304 est
1529 4237 1703 4305 doctrina.
1753 4238 1872 4327 Quare
1895 4255 1934 4312 ut
1950 4267 2028 4312 eum
2044 4249 2278 4337 complectare

1284 4349 1317 4403 te
1341 4359 1424 4419 oro,
1458 4338 1663 4424 praesertim
1687 4364 1766 4408 cum
1797 4353 1830 4409 te
1854 4367 2066 4436 magnopere
2090 4364 2278 4420 veneretur

1283 4460 1323 4505 ac
1340 4436 1528 4526 suspiciat,
1556 4451 1589 4507 et
1611 4440 1983 4513 tuae-benevolentiae
2006 4447 2275 4539 cupidissimum

1282 4560 1374 4622 esse,
1401 4561 1522 4608 versus
1542 4542 1744 4614 ostendunt.

1380 4718 1469 4788 Heri
1492 4723 1537 4788 ab
1551 4714 1719 4789 Hedione
1736 4723 1813 4790 viro
1829 4726 2080 4799 candidissimo
2104 4725 2195 4802 hanc
2218 4759 2276 4804 ac·

1282 4820 1358 4912 cepi
1374 4823 1517 4889 brevem
1535 4818 1742 4912 Epistolam‚
1769 4825 1807 4893 in
1824 4850 1891 4918 qua
1911 4829 1974 4896 etsi
1993 4834 2164 4922 quaedam
2182 4852 2276 4920 sunt,

164 4949 167 4959 ’
243 4966 401 5025 amanter
425 4950 714 5042 complectantur.
774 4949 857 5020 Non
882 4952 1029 5035 dubito,
1061 4953 1175 5021 bonos
1200 4963 1234 5020 et
1282 4917 2272 5048 ΠῙ,ῙΡ1115ΓΠΠῙΟΓῘῙ)“5ΨΠῙῙἏδΡἏΓὲΰῦῑῦῐᾶνέμώλῑαι

242 5055 404 5127 cordatos
419 5056 515 5124 viros
530 5050 738 5122 modestiam
754 5052 840 5135 eius,
864 5051 927 5119 ubi
945 5076 1021 5120 eam
1037 5076 1138 5122 nosse
1153 5076 1233 5122 coe·
1281 5047 1363 5141 ¹¹¹¹‚⁸¹
1380 5037 1510 5142 ¹?me
1561 5024 1651 5095 Nam
1675 5027 1743 5095 ³¹¹⁰
1766 5025 1954 5146 ⁰7¹⁰v‘l0‘fa
1977 5057 2094 5103 mmm
2120 5060 2274 5127 agemus·

241 5157 370 5251 perint,
395 5155 606 5247 probaturos
622 5175 706 5225 esse.
745 5149 800 5221 De
814 5151 955 5242 Repub.
971 5152 1127 5222 literaria
1142 5155 1232 5221 bene
1280 5121 1431 5219 All‘lffl‘l
1457 5140 1590 5196 ”nerea
1615 5142 1691 5197 ³1⁸
1716 5154 1857 5222 q¹¹⁰q¹¹⁰
1890 5131 2087 5205 ¹¹¹¹⁶s³s¹¹¹¹¹
2117 5155 2274 5230 expect&

240 5271 414 5343 meretur,
439 5257 534 5350 quod
562 5280 636 5326 non
666 5254 776 5346 ipsius
803 5267 942 5324 tantum
973 5277 1074 5323 causa
1105 5254 1232 5337 scribo,
1278 5223 1721 5398 {gaisgmfssl'l‘i'ggisv³l⁰‘
1757 5255 1836 5299 ‘⁰¹¹¹
1859 5225 2047 5310 h⁰⁰⁹⁸¹l⁵⁵·
2066 5241 2214 5331 ⁶⁰¹¹l¹¹ss⁰
2240 5258 2273 5313 0¹

239 5456 467 5473 ....-—-—

1836 5429 2024 5531 Philippus
2044 5440 2221 5519 Melanth.
2332 5536 2339 5544 Ι

272 5584 300 5651 *)
321 5581 384 5634 Vid.
404 5578 482 5650 epist.
500 5577 533 5631 ad
553 5577 661 5632 Camer.
682 5579 709 5633 d.
729 5579 754 5632 d.
775 5577 818 5633 25.
837 5577 895 5630 lan.
915 5576 939 5629 b.
955 5596 979 5629 a.
1002 5575 1088 5629 Sunt:
1113 5557 1246 5654 „Capita
1280 5582 1485 5593 ····“““····

305 5647 468 5707 christianae
486 5647 628 5700 doctrinae
645 5656 859 5701 commemorata
872 5646 905 5700 ad
922 5642 1054 5716 pueros.'‘
1093 5642 1152 5695 Vrd.
1165 5642 1231 5714 My-

307 5720 335 5772 lii
356 5716 481 5773 mronol.
500 5716 561 5769 libr.
580 5714 648 5769 Mel.
664 5717 698 5769 ad
718 5735 782 5770 ann.
798 5716 891 5789 154⁶„
910 5715 957 5786 qui
975 5714 1054 5768 etiam
1074 5712 1147 5779 dicit,
1167 5712 1231 5765 Me·
1314 5714 1343 5781 *t
1361 5711 1433 5768 llaec
1452 5716 1551 5781 verba,
1570 5716 1680 5778 scripsit
1697 5726 1748 5770 etc.
1768 5718 1888 5789 pagellae
1905 5723 2032 5791 peculiari
2052 5726 2180 5851 inscripta
2198 5744 2272 5795 sunt,

1348 5800 1415 5863 quae
1436 5800 1503 5835 num
1523 5786 1554 5836 ad
1575 5784 1657 5864 banc,
1677 5804 1711 5837 an
1730 5787 1820 5869 pqtius
1837 5779 1872 5843 ad
1890 5793 1965 5874 epist.
1986 5791 2014 5850 d.
2036 5796 2077 5850 17.
2093 5796 2130 5852 Fe
2150 5818 2173 5852 r.
2195 5802 2271 5857 1545.

1346 5859 1494 5922 pertineat,
1517 5852 1625 5906 delinara
1642 5871 1718 5909 nunc
1736 5874 1775 5910 rra
1793 5867 1891 5929 potest.

306 5790 461 5843 tantboncm
476 5802 601 5839 exorsum
614 5802 670 5836 esse
686 5785 886 5840 enarrationem
902 5784 982 5839 buius
999 5781 1062 5838 libri
1076 5779 1101 5835 d.
1117 5783 1142 5835 7.
1149 5781 1229 5836 Febr.

305 5869 332 5912 et
352 5876 410 5912 earn
431 5854 547 5909 finivisse
567 5851 594 5906 d.
611 5851 637 5906 9.
657 5852 732 5906 Maii.
