5325 6917
306 687 382 780 sta

311 854 471 930 omnium
489 841 717 923 concionum,
732 861 817 930 quas
834 837 872 905 in
889 831 1044 904 Ecclesia
1055 832 1302 923 Naoburgensi

311 953 438 1028 habuit
462 941 617 1030 Murem,
643 954 683 1012 ut
709 954 808 1011 erant
831 941 876 1006 ab
899 939 975 1028 ipso
993 931 1111 1004 Meno
1133 935 1246 1006 notati
1269 947 1303 1004 et

312 1057 410 1130 missi
425 1049 621 1141 Episcopo,
645 1043 827 1134 inquibus
846 1041 1036 1131 apparebat
1060 1061 1234 1129 nusquam
1257 1036 1304 1104 il-

312 1165 388 1232 lum
409 1155 465 1224 vel
487 1151 595 1221 verbo
617 1144 827 1214 nominatim
849 1143 1050 1209 meminisse
1065 1139 1220 1207 numinis
1236 1135 1303 1206 Pa-

310 1259 429 1356 pistici
447 1250 770 1340 autl‘apisticurmn
788 1245 978 1335 impiorum
996 1242 1156 1310 cultuum
1171 1264 1211 1309 ac
1230 1262 1303 1307 ma-

312 1367 517 1435 nifestarum
535 1349 795 1443 turpitudinum
815 1347 851 1412 in
871 1347 952 1412 vita.
993 1343 1117 1412 Postea
1136 1340 1302 1432 Episcopi

312 1464 458 1538 nomine
490 1449 603 1524 Muto
638 1450 819 1540 rospondit
852 1447 896 1516 D.
931 1445 1064 1514 Ductor
1088 1440 1301 1512 bladinus:

313 1566 482 1640 Auditum
507 1581 577 1626 csse
604 1555 713 1646 ipsius
727 1546 957 1642 Apologiam,
981 1549 1040 1616 sed
1064 1549 1105 1613 ad
1127 1545 1303 1636 principa-

312 1673 382 1739 lcm
400 1677 532 1758 partem
555 1655 786 1728 accusationis
807 1649 900 1719 nihil
918 1672 1124 1739 responsum
1140 1670 1232 1725 esse,
1259 1648 1303 1713 de

311 1796 381 1865 qna
408 1765 547 1859 proprie
573 1773 743 1848 ageretur.
795 1755 875 1823 Nun
905 1752 999 1819 enim
1025 1747 1091 1818 huc
1116 1743 1302 1841 qnaeri³):

312 1871 490 1966 ‹lttorrmdu
514 1878 594 1933 arde
623 1857 689 1928 huc
716 1872 851 1946 tetiipus
874 1868 935 1922 md
959 1852 1118 1920 docuerit
1149 1864 1209 1918 alut
1230 1872 1303 1917 sese

311 1972 473 2064 gesserit3
510 1968 544 2034 id
569 1965 655 2038 satis¹
673 1975 797 2028 nottnn
822 1981 911 2040 esse,
947 1958 1004 2022 sed
1031 1955 1123 2046 cptod
1145 1977 1239 2020 110110
1265 1952 1301 2018 in

310 2069 556 2156 Nauburgensi
581 2087 743 2143 ricemere,
770 2061 866 2152 quasi
896 2057 947 2124 sni
976 2055 1174 2136 dissimilis,
1206 2077 1302 2120 raten-

311 2201 417 2270 quam
436 2175 550 2264 {talam
574 2182 609 2236 et
634 2187 791 2254 (expresse
816 2160 941 2230 taxmit.
966 2159 1019 2224 rel
1043 2179 1179 2224 errores
1205 2155 1303 2244 papi-

309 2281 415 2350 sticae
450 2273 631 2342 doctrinae
667 2281 701 2336 et
727 2265 841 2333 cultus
875 2259 1004 2349 impius
1035 2259 1090 2326 vel
1117 2259 1302 2325 ntatnilestu

309 2379 473 2450 scandala
507 2377 544 2442 in
570 2373 640 2440 rita
674 2369 769 2435 illins
793 2365 924 2454 gregis,
960 2363 994 2427 id
1021 2383 1188 2451 apparere
1222 2381 1301 2424 cnm

308 2483 388 2552 aliis
411 2480 532 2547 tmdtis
557 2471 790 2562 argumentis,
817 2483 892 2536 tum
908 2489 947 2530 ex
967 2463 1036 2530 illis
1053 2462 1136 2552 ipsis
1160 2457 1300 2552 nedis⁴)

308 2584 520 2654 curaciunum
546 2571 685 2666 eius'⁵).
747 2565 898 2638 Addidit
922 2566 1044 2646 etiam,
1078 2561 1147 2628 sibi
1171 2561 1300 2628 mirum

307 2685 438 2764 videri,
466 2683 494 2749 si
511 2679 696 2771 qnisquam
714 2694 794 2738 rere
813 2693 852 2736 ac
870 2667 1021 2734 fideliter
1037 2667 1167 2733 ducens
1179 2659 1301 2730 Evan-

309 2787 457 2874 gelimn,
484 2783 538 2848 rel
563 2777 678 2846 studio
705 2769 770 2839 huc
789 2769 897 2862 possit
912 2768 1044 2849 vitare,
1068 2780 1300 2856 utnusquam

308 2913 467 2981 unquam
489 2883 626 2970 incidat
645 2878 680 2944 in
706 2868 1015 2963 reprehensionem
1032 2893 1091 2936 seu
1109 2867 1228 2959 potius
1245 2889 1302 2933 re-

306 2990 517 3061 futationem
544 2977 765 3051 atlsersariae
797 2973 989 3043 doctrinae.
1053 2971 1161 3058 Quod
1183 2983 1299 3039 tamen

305 3093 490 3163 manifeste
510 3085 668 3178 requirat
686 3077 819 3147 Paulus
843 3077 879 3142 in
898 3070 1093 3163 Episcopo,
1120 3085 1160 3140 ut
1176 3084 1300 3161 potens

893 661 1328 740 EPISTOLARUM
1382 665 1490 740 LlB.
1522 663 1585 742 lx.
1636 663 1771 740 1545.

2307 671 2369 742 816

1354 853 1494 927 grueret
1507 864 1587 908 cum
1606 839 1684 908 aliis
1699 854 1791 909 recte
1806 841 2041 922 docentibus,
2058 839 2251 933 quodque
2267 835 2366 910 inEt-
2400 795 2402 826 Ι

1355 941 1458 1009 clusia
1477 940 1743 1028 h‘auburgensi,
1768 937 1853 1012 haec
1876 967 1930 1011 res
1953 944 2200 1012 occasionem
2226 942 2363 1014 dedisset

1354 1042 1586 1126 factionibus,
1620 1068 1708 1135 qnae
1737 1045 1765 1110 si
1791 1061 2001 1128 crescerent,
2040 1044 2265 1136 periculum
2294 1067 2363 1130 esse,

1356 1169 1400 1211 ne
1421 1139 1577 1212 Ecclesia
1609 1145 1843 1215 scinderetur:
1879 1149 1955 1216 ideo
1980 1161 2024 1216 ut
2055 1159 2293 1215 sanarentur
2309 1141 2360 1218 hae

1355 1245 1568 1314 offensiones
1603 1260 1636 1315 et
1671 1247 1854 1316 tolleretur
1885 1249 2020 1316 occasio
2056 1244 2308 1317 schismatum
2335 1264 2360 1318 ct

1355 1349 1621 1426 scandalorum,
1664 1344 1808 1439 posthac
1833 1351 2026 1420 abstineret
2050 1377 2072 1420 a
2102 1374 2267 1419 munere
2290 1376 2359 1420 con-

1356 1449 1521 1516 cionandi
1547 1450 1582 1515 in
1601 1475 1639 1516 ea
1663 1447 1831 1522 Ecclesia.
1884 1452 1953 1522 Sed
1979 1477 2027 1518 ne
2054 1467 2286 1546 «perureretur
2304 1457 2356 1522 du-

1356 1551 1430 1620 rius
1446 1575 1563 1618 secum
1581 1553 1653 1636 agi,
1680 1577 1783 1644 «litam
1799 1579 1863 1643 par
1879 1569 1982 1636 esset,
2009 1551 2236 1646 Episcopus
2259 1569 2355 1625 tamen

1356 1654 1572 1742 stipendium
1607 1650 1712 1720 lmius
1737 1656 1823 1721 011ιί1
1849 1656 1879 1722 01
1910 1657 2096 1745 integrum
2130 1657 2299 1748 reliquit,
2325 1684 2357 1726 ac

1357 1755 1518 1846 promisit
1533 1780 1568 1821 se
1587 1757 1809 1839 adiuturum,
1837 1770 1876 1825 ut
1894 1759 1946 1826 vel
1964 1759 2001 1825 in
2020 1783 2089 1826 sua
2107 1760 2285 1838 dioecesi,
2309 1763 2356 1828 sel
2400 1765 2402 1816 l

1356 1857 1441 1924 alibi
1464 1859 1572 1923 alium
1596 1853 1782 1924 humstnm
1810 1860 1922 1927 lucum
1935 1873 1969 1928 et
1982 1861 2252 1928 conditionem
2270 1863 2357 1930 inre-

1356 1951 1489 2050 111011).
1544 1957 1635 2026 llaec
1660 1985 1738 2026 cum
1768 1961 1819 2026 illi
1841 1961 1890 2027 sic
1909 1963 2069 2052 exposita
2105 1977 2250 2047 essent,
2280 1990 2354 2056 quae
2400 2043 2402 2056 Ι

1357 2061 1416 2128 1110
1432 2075 1546 2128 10111011
1565 2061 1669 2128 trimis
1689 2063 2111 2132 1001110111001001111110
2133 2067 2293 2156 accepit,
2317 2068 2352 2134 ita

1355 2187 1450 2231 rattnc
1474 2165 1664 2229 discessum
1693 2176 1761 2244 est,
1794 2179 1834 2234 nt
1862 2165 1912 2233 tui
1941 2164 2050 2233 etiam
2083 2161 2125 2234 h.
2154 2195 2186 2238 e.
2211 2167 2354 2236 Ministri

1354 2262 1541 2351 Evangelii
1565 2265 1601 2330 in
1631 2265 1772 2332 ecclesia
1794 2265 2042 2354 Naobmgensi
2077 2270 2356 2340 aeltnonerentnr

1355 2381 1528 2448 amanter,
1562 2379 1601 2434 ut
1622 2383 1735 2436 essent
1761 2368 1852 2456 pacis
1878 2383 1911 2436 et
1932 2371 2163 2438 concordiae
2185 2373 2220 2439 in
2235 2375 2354 2440 tuenda

1355 2490 1435 2536 vera
1453 2467 1613 2535 doctrina
1629 2469 1797 2550 studiosi,
1824 2471 1943 2538 addito
1960 2471 2071 2538 etiam
2102 2468 2255 2542 honesto
2268 2477 2308 2543 de
2324 2489 2356 2544 te

1354 2583 1387 2636 et
1404 2570 1476 2636 illis
1494 2570 1706 2638 testimonio.
1759 2569 1877 2638 llabes
1901 2573 2081 2656 breviter,
2114 2601 2213 2669 quae
2238 2577 2274 2643 in
2293 2573 2356 2646 hoc

1354 2672 1495 2759 negotio
1519 2686 1593 2740 acta
1617 2686 1718 2756 sunt,
1748 2673 1811 2742 etsi
1828 2675 1987 2742 existimo
2016 2675 2202 2768 pleraque
2219 2679 2359 2747 iamab

1354 2775 1449 2841 rrtrde
1472 2775 1537 2842 tibi
1554 2774 1691 2861 cognita
1712 2798 1793 2846 esse.
1844 2772 1940 2844 Bene
1959 2777 2051 2850 vale.
2113 2779 2359 2870 Witebergae.

1354 2874 1517 2946 Secundo
1532 2875 1682 2964 Augusti
1704 2875 1812 2950 1545.

1897 2977 2035 3072 Caspar
2052 2981 2258 3073 Cruciger,
2273 2982 2316 3056 D.

305 3195 369 3278 sit,
401 3217 475 3261 nun
501 3202 637 3256 tantum
669 3185 705 3250 in
730 3181 889 3249 ducendo
915 3189 947 3244 et
968 3171 1205 3256 exhortando,
1238 3175 1298 3240 sed

306 3297 412 3364 etiam
430 3294 468 3356 in
485 3289 671 3356 relutandu
689 3281 970 3352 contradicentes
986 3275 1166 3346 doctrinae
1183 3296 1299 3346 sanae,

306 3394 349 3462 ln
376 3389 467 3456 hanc
489 3388 700 3455 sententiam
724 3408 804 3451 cum
828 3382 990 3472 pluribus
1014 3378 1131 3449 verbis
1155 3376 1299 3445 dixisset

304 3493 349 3564 D.
363 3489 497 3559 Ductor
503 3539 514 3572 ,
543 3487 621 3570 ille,
647 3508 727 3551 cum
745 3484 827 3549 satis
852 3478 938 3550 haec
955 3483 1105 3550 refutare
1128 3503 1201 3548 nun
1218 3501 1298 3568 pus-

305 3608 375 3677 set,
409 3590 587 3660 excnsavit
609 3611 664 3670 se,
695 3585 820 3667 „buno
842 3582 960 3649 studio
983 3604 1087 3650 usum
1110 3605 1182 3650 esse
1206 3580 1299 3648 leni-

304 3709 394 3778 tate,
420 3709 460 3763 nt
478 3694 527 3762 ita
545 3684 891 3759 [aciliusllanonicos
907 3695 940 3750 et
956 3683 1027 3749 illis
1043 3685 1202 3752 addictus
1218 3705 1297 3774 per-

305 3791 462 3867 traheret
495 3797 540 3863 ad
573 3791 854 3882 atriplectandam
879 3784 1078 3853 doctrinam
1099 3782 1298 3871 Evangelii,

307 3912 410 3982 etse,
444 3895 666 3988 quodetiam
691 3885 817 3985 ante⁶)
843 3888 995 3970 dixerat,
1021 3881 1088 3954 hoc
1110 3887 1217 3953 modo
1233 3885 1299 3952 ali-
1364 3945 1371 3956 ,

307 4023 396 4091 quus
418 3997 619 4064 mliunxisse
644 4006 785 4060 nostrae
808 3991 911 4080 parti.
973 3987 1079 4076 Quod
1106 4011 1188 4055 reru
1213 3986 1297 4055 vitia

306 4124 380 4168 non
398 4093 586 4182 taxarit⁷)‚
613 4118 652 4162 00
671 4096 820 4175 lactum,
844 4091 940 4181 quod
957 4090 992 4155 in
1010 4091 1180 4159 tradendo
1196 4085 1299 4159 Cate-

308 4198 464 4282 chismu,
487 4201 647 4266 nundum
673 4193 888 4284 pervenisset
914 4193 957 4259 ad
975 4205 1156 4281 praecepta
1172 4214 1299 4258 secun-

307 4307 371 4373 dae
391 4302 542 4372 tabulae.
553 4299 568 4321 '⁸
620 4297 705 4366 Visa
724 4311 774 4365 est
786 4318 868 4362 sane
886 4308 919 4362 et
935 4288 1020 4362 hacc
1036 4294 1218 4384 responsio
1235 4292 1301 4360 fri-

307 4405 441 4492 gidior,
467 4427 571 4495 quam
595 4414 636 4469 ut
657 4400 758 4467 illum
778 4399 968 4478 relevaret,
993 4397 1121 4486 dequo
1140 4395 1300 4483 longiore

307 4507 465 4590 oratione
488 4504 690 4573 admonitus
718 4515 767 4571 cst
799 4525 818 4567 a
841 4496 886 4569 D.
910 4494 1073 4566 Doctore.
1126 4497 1196 4566 Sed
1220 4520 1300 4564 cum

307 4607 553 4695 responderet,
580 4629 616 4673 se
642 4595 848 4692 sutnrum⁸)
872 4600 910 4666 in
935 4611 1105 4689 potestate
1120 4595 1301 4688 Episcopi,

306 4731 346 4776 ac
370 4707 564 4786 iacturum,
594 4708 689 4794 quud
712 4706 771 4771 ille
793 4705 951 4784 iuberet,
980 4695 1099 4770 habita
1125 4700 1300 4768 delibera-

307 4809 424 4890 tione,
448 4807 562 4872 risum
587 4816 638 4870 est
661 4804 711 4868 illi
730 4805 918 4872 dicendum
935 4826 1022 4872 esse:
1063 4801 1300 4894 Quandoqui-

307 4913 387 4980 dem
411 4919 594 4999 appareret
616 4905 652 4971 in
677 4904 786 4994 ipsius
803 4907 962 4974 doctrina
983 4907 1060 4973 iure
1079 4902 1147 4975 hoc
1164 4906 1301 4973 deside-

307 5013 399 5098 rari,
425 5011 521 5104 quud
546 5010 582 5076 in
603 5002 904 5099 reprehendendis
929 5008 1109 5075 erroribus
1127 5029 1201 5074 non
1216 5028 1298 5072 con·
1325 5005 1330 5156 Ι

340 5355 369 5422 Β)
387 5353 477 5406 Danz.
492 5345 634 5400 mendose:
651 5362 767 5413 qrcaero.

339 5441 368 5502 4)
388 5435 474 5488 Dana.
486 5429 629 5484 mendose=
649 5431 767 5481 notatis.

340 5521 368 5590 5)
386 5522 476 5573 Dana.
502 5513 631 5568 mendose
651 5515 710 5566 eius
729 5515 757 5566 in
778 5515 842 5566 tous
864 5513 977 5565 mutarit
1007 5531 1036 5564 ex
1062 5511 1233 5572 coniectura,
1254 5511 1300 5564 aed

375 5591 434 5644 sine
450 5603 539 5641 causa.

340 5675 369 5743 6)
389 5673 479 5728 Dour.
495 5675 577 5733 unte,
595 5682 626 5718 ex
640 5663 750 5716 mendoa

265 5759 273 5768 “
339 5760 371 5827 7)
390 5759 480 5811 Dana.
501 5749 664 5815 taxauen‘t,
682 5765 712 5799 ex
730 5751 928 5804 emendatione.

340 5843 368 5911 8)
387 5841 478 5896 Dana.
498 5852 556 5890 esse
575 5831 785 5906 profuturum.

1359 3313 1425 3386 No.
1441 3310 1553 3387 3240.

1358 3416 1568 3447 Μ

1691 3467 1744 3552 V.
1777 3467 2011 3552 Theodoro,

1419 3633 1504 3705 Epist.
1523 3631 1569 3686 lib.
1589 3633 1636 3684 Vl.
1655 3649 1681 3700 p.
1704 3631 1754 3684 488
1772 3651 1813 3702 sq.
1831 3665 1864 3672 --
1906 3631 1958 3686 llic
1983 3653 2014 3686 er
2039 3641 2231 3711 autographo
2254 3643 2280 3696 in
2308 3645 2360 3696 cod.

1454 3703 1565 3754 Monac.
1583 3705 1604 3755 l.
1626 3719 1652 3769 p.
1668 3701 1728 3752 618.

2232 3333 2356 3448 Q

1350 3857 1404 3934 D.
1436 3857 1540 3931 Vita
1568 3854 1833 3936 Theodoro,
1865 3855 2007 3928 ducenti
2031 3859 2202 3960 Euang.
2230 3869 2271 3936 in
2293 3867 2361 3938 Ec-

1679 3959 1790 4030 clesia
1810 3957 2006 4054 il'uriherg.

1350 4083 1396 4174 S.
1422 4098 1464 4170 D.
1517 4095 1814 4171 Carissinael‘lle.
1854 4097 1932 4167 Nun
1951 4123 2100 4190 possum
2119 4109 2266 4196 prolixe
2277 4111 2360 4178 scri.

1354 4207 1446 4273 bere.
1500 4199 1573 4268 lam
1597 4203 1691 4269 enim
1719 4201 1899 4288 ingredior
1923 4201 1988 4268 iter
2013 4227 2090 4271 mm
2115 4209 2359 4282 0111111).Ρο-

1352 4320 1445 4372 store
1470 4305 1513 4369 ad
1531 4302 1734 4392 Principem
1760 4319 1792 4374 et
1811 4307 1852 4370 ad
1870 4296 2083 4371 Lethaeum
2103 4309 2244 4384 iturus.
2295 4311 2358 4382 Ex.

1353 4408 1505 4498 patiatns
1537 4420 1588 4475 est
1609 4399 1801 4473 Lethaeus
1819 4403 1869 4496 ¹),
1912 4419 1946 4472 et
1976 4408 2099 4476 nescio
2127 4437 2247 4503 quam
2271 4417 2358 4485 indi-

1353 4509 1556 4596 gnatiunem
1595 4508 1816 4590 circumfert,
1862 4531 1924 4577 cur
1963 4509 2083 4576 redire
2123 4517 2357 4609 contatur²).

1352 4610 1448 4678 Dens
1472 4623 1564 4697 regat
1594 4622 1628 4676 et
1651 4611 1747 4678 iuvet
1771 4632 1844 4681 rios.
1904 4606 1956 4676 De
1979 4607 2227 4706 Hieronymo
2260 4644 2357 4713 quam

1325 4703 1506 4803 lprimmn
1542 4711 1643 4778 mdds
1676 4724 1767 4778 certa
1793 4711 1955 4792 scriltitO,
1992 4738 2082 4804 quae
2113 4720 2263 4789 utinam
2296 4725 2356 4790 sint

1352 4814 1486 4892 sacrista,
1518 4827 1557 4880 nt
1582 4813 1693 4900 gloria
1717 4813 1781 4878 lilii
1804 4809 1872 4880 Dei
1896 4816 2117 4900 celebretur,
2145 4843 2218 4890 rtec
2246 4825 2356 4894 dicant

1354 4915 1472 5004 impii,
1500 4912 1571 4983 tlibi
1590 4927 1641 4982 est
1655 4911 1751 4983 Deus
1770 4917 1917 4983 eurum?

1455 5014 1525 5085 Pro
1559 5015 1682 5085 cultris
1716 5030 1749 5083 et
1779 5017 1898 5085 codice
1933 5019 2082 5106 gratiam
2123 5025 2196 5094 tibi
2236 5023 2358 5100 habeo.

1353 5117 1422 5187 Sed
1452 5119 1606 5187 codicem
1635 5119 1718 5187 dedi
1743 5113 1906 5186 Besuldo
1932 5121 2045 5190 0111100
2075 5143 2224 5199 nostro.
2277 5131 2358 5200 ..llil-

1354 5235 1389 5289 to
1424 5219 1490 5290 tilii
1522 5221 1771 5310 praelationem
1805 5223 1843 5288 in
1873 5221 2143 5310 Astrologicum
2168 5227 2360 5316 Seduneri,

1354 5347 1459 5415 quam
1477 5347 1560 5410 rugo
1578 5335 1616 5390 ut
1635 5323 1665 5388 ei
1685 5319 1849 5391 exhibere
1864 5347 1972 5394 cures.
2030 5324 2164 5400 ludico
2196 5337 2256 5426 p'ie
2281 5340 2359 5406 scri.

1354 5513 1446 5524 ——ss—
1452 5515 1527 5522 --μ-
1535 5513 1560 5521 .-

1388 5596 1417 5665 *)
1439 5595 1499 5649 Vid.
1523 5595 1635 5665 epistola
1657 5595 1838 5650 consolatoria
1862 5598 1894 5651 ad
1918 5599 2030 5654 Morum
2056 5604 2211 5666 dimissum
2237 5619 2362 5688 scriptas

1422 5664 1544 5717 Luthero
1560 5664 1586 5718 d.
1604 5665 1644 5719 16.
1662 5665 1726 5722 001.
1744 5667 1823 5720 huius
1839 5667 1913 5720 anni.

1390 5754 1416 5818 1)
1439 5751 1500 5806 Vid.
1516 5751 1626 5804 Lutheri
1641 5753 1719 5824 epist.
1735 5754 1761 5806 d.
1777 5752 1882 5807 17.1οΙ.
1900 5755 1972 5808 1545.

1388 5839 1418 5901 Ξ)
1438 5835 1653 5910 800011.οἀἰά111
1672 5849 1827 5893 cunctatur.
1846 5851 1849 5856 '
