5325 6917
336 731 408 807 toa
519 753 521 756 ·
690 750 694 772 ·
913 679 1348 801 murcianum
1394 687 1601 806 mnu.
1654 727 1816 811 154ss
2230 667 2369 812 'raa

309 912 317 937 ‘
336 902 591 974 adolescentem
608 898 861 989 vobisgratum
878 898 966 972 lore.
1014 893 1092 989 Ego
1108 897 1269 990 quidem,
1297 898 1327 966 si
1375 893 1491 990 phana
1515 902 1717 1005 securitas,·
1738 904 1857 974 nullae
1886 919 1971 976 sunt
1994 906 2157 976 flammae
2180 907 2312 979 amoris
2335 924 2370 983 et

337 1029 421 1100 quo·
436 1002 543 1070 officii
569 1023 695 1089 genere
719 1000 896 1070 declarare
919 1024 1037 1067 meum
1063 1022 1228 1089 ergarus
1252 1012 1328 1069 stu·
1375 1001 1541 1071 desiderii
1563 1004 1607 1072 ad
1632 1001 1765 1074 Deum:
1807 1019 1942 1076 caetera
1963 1008 2038 1097 ipse
2061 1010 2261 1096 mediteris,
2292 1034 2370 1083 non

339 1107 439 1175 dium
451 1115 594 1195 potero,
620 1101 764 1186 faciam,
788 1114 830 1171 ut
846 1100 1070 1191 intelligatis,
1095 1124 1152 1171 me
1172 1101 1248 1171 sore
1267 1125 1328 1170 ve·
1375 1102 1471 1172 enim
1482 1117 1585 1172 vacat
1600 1104 1734 1194 integre
1751 1101 1837 1176 haec
1853 1122 2014 1182 tractare.
2065 1107 2156 1178 Cum
2181 1113 2369 1199 igiturdi-

339 1206 403 1279 stri
418 1203 715 1275 studiosissimum
731 1216 767 1272 et
781 1226 867 1278 esse.
1249 1192 1255 1209 Χ
1376 1203 1489 1272 cimus
1524 1228 1597 1285 esse
1628 1202 1885 1297 privationem,
1927 1233 1989 1277 seu
2021 1211 2266 1300 amissionem,
2305 1239 2370 1286 seu

538 1333 573 1407 D
603 1334 635 1406 V
662 1336 903 1408 deditissimus
1377 1304 1643 1395 spoliationem,
1673 1308 1779 1399 plane
1802 1322 1837 1378 et
1860 1310 2003 1402 proprie
2023 1312 2222 1405 loquimur,
2257 1317 2371 1386 etin-

575 1388 585 1411 ⁰
635 1388 645 1410 ⁸
942 1433 1026 1509 Phil
1056 1432 1279 1511 Mehnchgh·
1377 1406 1569 1495 telliginrus
1582 1403 1753 1503 στέρησιν
1770 1435 1868 1480 more
1881 1408 2168 1484 Dialecticornm.
2211 1413 2370 1503 Nechoc

1028 1490 1039 1513 ⁰
1377 1508 1543 1598 impedit,
1581 1512 1679 1602 quod
1700 1511 1754 1579 illi
1775 1514 1894 1597 aiunt,
1933 1510 2103 1607 στέρησιν
2125 1539 2198 1588 esse
2221 1518 2371 1604 formae,

1378 1633 1467 1703 quae
1490 1624 1605 1701 potest
1626 1611 1764 1698 adesse,
1805 1610 1855 1684 At
1878 1615 2011 1684 iustitia
2037 1617 2172 1705 integra
2203 1643 2300 1688 nunc
2330 1621 2372 1689 in

1311 1785 1313 1790 ,
1379 1724 1504 1781 natura
1520 1734 1682 1781 essenon
1699 1728 1822 1804 potest.
1865 1712 1962 1784 Haec
1978 1717 2154 1786 cavillatio
2172 1721 2287 1789 ociosa
2302 1734 2370 1792 est:

338 1802 533 1881 Numen.
679 1792 688 1807 ’
1161 1806 1319 1892 81.Aug.
1379 1827 1471 1881 certe
1489 1810 1684 1910 creatura³)
1706 1816 1755 1885 sic
1779 1832 1831 1887 est
1852 1818 2011 1901 condita,
2049 1832 2089 1887 nt
2111 1820 2149 1909 in
2172 1844 2212 1888 ea
2235 1819 2372 1893 luceret

347 1897 518 1934 Μ
818 1950 824 1963 »
1153 1901 1326 1933 Μ
1378 1909 1464 1982 haec
1483 1913 1637 1986 iustitia·
1671 1911 1839 1987 etadhuc
1858 1930 1910 1985 est
1934 1918 2008 1987 eius
2032 1943 2069 1987 ca
2097 1945 2139 1988 ax
2159 1936 2193 1991 et
2215 1922 2247 1990 ei
2267 1946 2286 1989 r
2307 1923 2373 1993 sti-

1627 1969 1637 1999 ,
2072 1944 2095 2011 r
2288 1946 2306 1992 e

650 1988 712 2072 M·
743 1984 1021 2074 sidemamw·
1379 2028 1516 2096 tuetur,
1554 2018 1718 2086 sed-non
1749 2017 1826 2112 sine
1855 2018 1978 2088 divina
2002 2026 2080 2110 ope.
2140 2018 2304 2118 Denique
2325 2024 2373 2098 sit

1378 2118 1505 2185 modus
1520 2113 1803 2214 ἀκριβολογιῶν.
1856 2118 1922 2190 Sin
1941 2144 2014 2189 non
2030 2122 2142 2211 placet
2159 2124 2274 2194 dicere
2288 2123 2372 2221 pri-

317 2242 319 2245 ·
410 2167 479 2222 Met.
497 2167 589 2222 select.
606 2154 682 2247 epist.
702 2185 730 2237 p.
743 2166 804 2221 405.
838 2170 940 2223 lterum
961 2170 990 2221 in
1002 2168 1095 2250 ,Epist
1116 2167 1163 2223 lib.
1181 2168 1203 2224 Ι.
1224 2185 1252 2252 p.
1267 2168 1331 2224 ‚452
1451 2216 1459 2234 ,
1707 2217 1719 2240 2
1895 2221 1904 2237 ,
2053 2219 2060 2237 .
2107 2221 2113 2235 .
2360 2226 2369 2243 .

445 2236 522 2301 (edit.
537 2236 622 2288 bond.
636 2236 682 2290 bb.
694 2236 714 2288 l.
731 2253 772 2303 ep.
789 2238 915 2304 tto.).-
939 2237 1331 2308 Demqueal’eaelrornlllel.
1380 2226 1559 2286 vallonem
1576 2233 1841 2313 ὃῦῑσῒερησιν,
1868 2223 2236 2310 drcasamtsstuncm,
2268 2220 2372 2306 'l'elSt

384 2324 413 2395 ψ
444 2305 547 2427 tul:
561 2303 1331 2448 batratanodermursur:
1378 2320 1473 2388 u...
1497 2320 1669 2408 significat
1694 2321 1834 2391 ...uu
1860 2324 1954 2415 qua
1983 2321 2225 2419 ..aarum
2275 2323 2372 2395 Ρω-

367 2438 371 2443 ·
443 2442 543 2511 paor.
1378 2421 1434 2513 lus
1452 2424 1600 2490 eandem
1613 2423 1849 2512 privationem
1864 2424 1948 2492 satis
1964 2424 2055 2493 clare
2078 2420 2261 2506 describit,
2289 2451 2369 2497 cum
2396 2450 2401 2456 ·

607 2555 611 2560 =
1379 2521 1442 2590 ait:
1478 2512 1617 2592 Omnes
1638 2520 1903 2616 carentgloria
1918 2520 2014 2610 Dei,
2046 2526 2083 2594 id
2105 2537 2174 2611 est,
2207 2524 2284 2596 luce
2310 2523 2371 2596 dr·-

341 2592 563 2686 Martino·
581 2593 862 2671 Sidamanno
891 2595 1034 2670 docenti
1057 2598 1175 2669 bonas
1202 2596 1331 2671 literas
1380 2620 1467 2690 vina
1491 2619 1725 2715 glonflcam
1747 2620 1884 2700 Deum,
1940 2622 1989 2695 Et
2016 2621 2167 2695 nuditas
2192 2628 2232 2696 in
2262 2630 2371 2699 pergo

311 2711 313 2714 V
431 2698 471 2767 ’.η
492 2696 625 2795 ⁰PPid⁰
642 2696 878 2800 Mamsddl’
903 2701 1024 2773 “mim
1040 2726 1107 2772 “¹⁰
1123 2694 1243 2772 SD·
1380 2747 1455 2813 cap.
1477 2722 1540 2798 lib.
1561 2718 1741 2798 Gencscos
1765 2728 1985 2812 monstrabat
2014 2728 2254 2799 confusionem
2285 2754 2373 2820 par-

289 2840 291 2843 ·
341 2813 397 2903 Er
412 2833 598 2904 consilium
616 2848 651 2904 et
663 2833 882 2907 voluntatem
896 2849 992 2906 ruam
1008 2827 1139 2926 probo}
1165 2836 1261 2927 quod
1280 2848 1333 2905 te.
1380 2826 1468 2894 tium
1486 2838 1518 2895 et
1533 2828 1791 2900 deformitatem
1806 2826 1985 2898 inferioris
1998 2829 2189 2918 potentiae:
2215 2829 2372 2919 Magnae

341 2959 444 3004 ueras
461 2949 594 3005 mentes
608 2933 805 3006 Puerorum
822 2936 953 3007 imbuis
973 2936 1154 3005 elementis
1173 2937 1332 3007 coelestis
1379 2950 1434 2996 res
1459 2928 1627 2998 brevibus
1648 2929 1766 3001 verbis
1788 2930 1999 3019 significatae
2021 2944 2105 3000 sunt
2126 2932 2195 3021 piis
2220 2945 2253 3000 el
2274 2929 2370 3027 pie‘)

341 3036 537 3109 doctrinae,
592 3033 684 3104 Nam
705 3031 764 3105 hic
785 3051 904 3107 coetus
924 3038 981 3106 vel
1001 3036 1188 3129 praecipua
1209 3034 1334 3107 Eccle.
1379 3027 1640 3100 meditantibus·
1665 3046 1700 3102 et
1730 3030 1933 3101 volentibus
1964 3053 2150 3119 agnoscere
2177 3028 2370 3102 humanam

336 3115 412 3206 ⁸siae
429 3134 497 3205 Dei
519 3128 600 3227 pars
621 3150 683 3206 est.
734 3134 854 3225 Quare
878 3140 916 3208 in
938 3163 980 3208 eo
1001 3163 1127 3208 sonare
1147 3140 1332 3209 coelestem
1380 3130 1669 3206 imbecillitatem.
1734 3131 1838 3203 lllam
1876 3133 2136 3201 cavillationem
2171 3135 2221 3201 sic
2255 3135 2370 3205 dilue:
2392 3181 2411 3217 ·.

341 3238 540 3307 doctrinam
554 3261 693 3307 necesse
710 3251 778 3307 est:
804 3238 1174 3309 acDeumaeternum
1190 3239 1333 3310 Patr'em
1379 3224 1591 3302 Nihilmon
1610 3227 1838 3328 puniendum
1863 3241 1932 3321 est,
1974 3226 2162 3302 Peccatum
2185 3228 2290 3303 nihil
2310 3243 2373 3320 est,

341 3339 544 3407 liberatoris
557 3338 671 3406 nostri
685 3336 764 3408 Iesu
776 3334 911 3409 Christi
926 3364 1007 3424 oro,
1037 3354 1078 3410 ut
1092 3334 1177 3411 baec
1191 3343 1331 3431 agmina
1380 3327 1488 3425 Ergo
1504 3355 1577 3401 non
1590 3331 1817 3429 puniendum
1833 3344 1901 3404 est:
1936 3335 2047 3405 Aliud
2070 3352 2121 3405 est
2146 3332 2239 3405 nihil
2256 3360 2372 3429 nega-

342 3439 555 3508 discentium
572 3450 686 3507 servet
699 3452 735 3508 et
750 3442 939 3528 gubernet,
971 3454 1005 3509 et
1026 3436 1177 3533 hospitia
1200 3444 1250 3511 eis
1273 3445 1334 3513 det
1380 3433 1467 3518 ²50⁰,
1492 3434 1967 3530 aliudesstssihilpn'valite·
2018 3436 2106 3506 Nam
2131 3434 2223 3506 nihil
2242 3436 2373 3532 priva·

342 3539 555 3631 tranquilla,
587 3539 625 3607 id
649 3552 715 3623 est,
742 3537 882 3631 politias
898 3543 1103 3612 mediocres.
1149 3539 1207 3634 'De
1224 3569 1333 3637 quae.
1380 3534 1449 3603 tiva
1464 3537 1570 3604 estin
1587 3540 1743 3609 subiecto
1761 3538 1929 3611 existente
1946 3540 2125 3627 corruptio
2143 3554 2177 3607 et
2193 3540 2371 3609 confusio:

343 3641 458 3710 stione
479 3653 539 3709 tua
562 3639 717 3708 breviter
736 3640 803 3710 tibi
824 3638 1032 3732 respondeo.
1089 3641 1216 3729 Recte,
1248 3670 1333 3737 pro.
1380 3652 1418 3707 ut
1432 3636 1538 3706 ruina
1554 3640 1680 3710 domus
1695 3655 1746 3712 est
1761 3640 1920 3712 confusio
1935 3639 2372 3714 illiusordinatiaedilicii.

343 3742 420 3832 prie
446 3766 485 3810 ac
510 3736 637 3834 hene¹)
662 3740 811 3823 dicitur,
849 3737 1228 3839 Peccatumxorr'ginis
1259 3769 1332 3815 esse
1380 3735 1664 3822 Deindeverum
1684 3756 1752 3829 est,
1791 3754 1871 3831 post
1892 3740 2127 3833 privationem
2152 3742 2239 3811 lucis
2260 3755 2295 3811 et
2314 3743 2373 3811 iu-

343 3836 594 3909 Privutioncm
615 3838 798 3929 iustitiae,
832 3867 945 3941 quom
968 3841 1074 3914 Deus
1100 3841 1238 3915 indidit
1263 3835 1333 3915 hu·
1380 3839 1493 3909 stitiae
1521 3842 1620 3933 sequi
1645 3844 1776 3914 multos
1800 3856 1958 3912 errantes
1980 3857 2096 3932 motps
2119 3856 2154 3911 et
2181 3836 2374 3937 furores⁹),

344 3941 441 4011 mini
455 3941 494 4010 in
511 3939 700 4029 creatione,
722 3940 771 4013 Et
786 3944 950 4040 στέρησις
961 3940 1019 4016 bic
1035 3948 1217 4037 significat,
1236 3952 1333 4042 quod
1379 3954 1420 4009 ur
1433 3964 1552 4010 aversa
1568 3942 1731 4013 voluntas
1750 3940 1877 4029 abeo,
1907 3944 2007 4038 arder
2030 3969 2148 4013 amore
2172 3945 2228 4048 sui
2249 3957 2285 4021 et
2307 3969 2376 4014 vo·

344 4044 470 4115 usitate
493 4041 910 4136 Dialecticissignificare
934 4049 1041 4133 solet,
1080 4064 1219 4119 utrum
1243 4050 1333 4119 dici·
1380 4042 1556 4132 luptatum
1577 4044 1749 4115 malarum
1775 4045 1851 4115 sine
1870 4043 1966 4130 Deo,
2004 4069 2103 4114 mens
2127 4070 2225 4115 caeca
2248 4046 2375 4134 ignara

345 4171 441 4231 mus,
471 4148 634 4217 tenebras
655 4169 727 4215 esse
742 4147 977 4238 privationem
995 4150 1100 4235 lucis,
1131 4166 1192 4221 ant
1209 4153 1334 4220 conln-
1380 4140 1449 4211 Dei
1468 4143 1561 4213 ludit
1580 4145 1813 4237 opinionibus
1833 4149 1878 4242 de
1898 4144 1993 4231 Deo,
2024 4148 2116 4216 alius
2136 4147 2232 4216 aliud
2260 4148 2375 4236 fingit,

344 4248 478 4316 sionem
500 4248 735 4339 privationem
757 4249 904 4319 ordinis.
962 4248 1078 4321 Multa
1100 4264 1216 4320 autem
1237 4277 1335 4322 com·
1381 4258 1422 4314 ut
1437 4246 1628 4317 ostendunt
1643 4242 1907 4342 εἰδωλομανίαι
1923 4248 2082 4317 omnium
2100 4249 2270 4338 gentium.
2320 4246 2375 4320 lta

343 4350 509 4439 plectitur
530 4350 721 4441 appellatio
738 4345 914 4437 Iustitiae,
947 4352 1121 4421 illustrem
1142 4365 1177 4422 et
1198 4353 1333 4421 firmam
1377 4360 1460 4437 post
1475 4346 1709 4435 privationem
1725 4362 1922 4445 sequuntur
1935 4348 2103 4440 positiva,
2133 4363 2173 4418 ut
2189 4349 2297 4438 vulgo
2317 4349 2375 4418 lo-

344 4446 412 4517 Dei
427 4450 611 4531 notitiam,
651 4474 808 4533 amorem
831 4448 900 4522 Dei
923 4468 957 4523 et
979 4454 1217 4523 obedientiam
1239 4455 1335 4525 iuxta
1382 4460 1560 4539 (luuntur,
1592 4464 1626 4519 el
1649 4448 1767 4545 ἱδῙῑδῚ)
1793 4450 1997 4524 deformitas
2018 4451 2074 4519 vel
2096 4444 2227 4531 ἀταξία
2248 4449 2374 4520 ini11⁰

344 4563 454 4618 totam
486 4551 610 4639 legem.
685 4548 826 4620 Harum
857 4550 1178 4644 pulcherrimarum
1215 4581 1335 4625 rerum
1383 4549 1459 4640 ipso
1477 4550 1647 4640 positivo,
1679 4555 1784 4623 etiam
1808 4566 1859 4622 est
1881 4545 2056 4645 στὲρησις.
2109 4551 2293 4639 Quantum
2309 4572 2400 4640 08⁰·

345 4649 486 4718 amissio
504 4673 579 4718 non
595 4662 646 4719 est
661 4650 937 4740 exiguum†aut
952 4654 1051 4723 leve''
1067 4656 1213 4728 malum.
1263 4654 1335 4725 Co·
1381 4650 1502 4719 videre
1517 4675 1676 4742 possum,
1709 4650 1795 4726 haec
1811 4653 1994 4745 perspicue
2009 4667 2044 4723 et
2063 4654 2183 4723 dextre
2205 4652 2376 4723 dicuntur

341 4752 416 4839 gita
432 4763 604 4843 quantum
619 4752 743 4836 decus,
753 4765 800 4821 et
812 4768 985 4845 quantum
1002 4756 1137 4825 bonum
1152 4757 1260 4826 suerit
1273 4757 1335 4827 lux
1382 4766 1417 4822 et
1431 4747 1524 4820 nihil
1540 4747 1931 4839 hahenr'absurdiratis,
1966 4769 2001 4825 et
2015 4767 2098 4824 sunt
2113 4776 2278 4842 germana
2293 4777 2377 4828 sen·

239 4882 241 4888 s
344 4854 407 4921 illa
422 4852 461 4920 in
474 4864 611 4935 mente,
635 4853 735 4923 firma
750 4854 794 4922 de
809 4850 886 4924 Deo
904 4856 1047 4940 notitia,
1072 4881 1136 4947 pro
1153 4881 1334 4950 qua'nunc
1382 4853 1492 4922 tentia
1506 4852 1687 4924 doctrinae
1701 4850 1934 4949 Propheticae
1951 4869 1986 4925 et
1999 4853 2234 4947 Apostolicae.
2281 4851 2377 4925 For·

344 4949 493 5023 haerent
516 4954 554 5022 in
577 4966 694 5023 mente
717 4955 901 5041 tenebrae,
930 4959 1103 5047 neglectio
1117 4958 1202 5044 Dei,
1227 4961 1334 5029 dubi·
1381 4955 1480 5024 tassis
1498 4967 1645 5022 naturae
1661 4958 1891 5031 cavillatrices
1907 4959 2016 5027 multa
2033 4953 2230 5036 inveniunt,
2246 4950 2377 5049 quae⁸)
2407 4971 2411 4978 '

344 5051 533 5151 tationes²)
555 5057 599 5124 de
620 5056 860 5148 providentia,
893 5059 1046 5151 denique
1068 5084 1194 5150 magna
1210 5062 1335 5150 caligo.
1380 5070 1502 5143 argute
1532 5055 1687 5144 obiicere
1718 5075 1884 5153 possunt:
1923 5061 1984 5131 sed
2013 5052 2178 5145 explicari
2206 5055 2376 5147 aperitis

344 5153 393 5226 Et
415 5159 517 5226 firma
539 5158 722 5227 conversio
744 5159 938 5231 voluntatis
960 5164 1004 5230 ad
1029 5158 1164 5247 Deum,
1202 5162 1335 5232 scilicet

345 5283 445 5327 amor
465 5255 550 5343 Dei,
588 5259 697 5329 timor
718 5284 840 5346 verus,
872 5262 1000 5332 fiducia
1024 5266 1170 5346 ardens,
1201 5277 1332 5355 quanta

344 5362 439 5429 bona
456 5361 578 5432 erant?
626 5359 730 5434 Nunc
749 5387 815 5455 pro
836 5363 964 5437 timore
985 5365 1077 5435 inest
1099 5365 1228 5434 animis
1248 5388 1334 5458 pro-
1413 5388 1443 5458 s)
1461 5375 1682 5451 Coddsnaeura.

1386 5492 1389 5497 ·
1415 5474 1443 5540 4)
1464 5473 1535 5529 Haec
1547 5476 1622 5529 addit
1635 5478 1698 5532 cod.
1713 5476 1807 5531 Metu.

348 5575 569 5591 --····
1370 5553 1375 5561 ’
1415 5557 1536 5680 &liridi
1556 5559 1637 5632 impr.
1657 5566 1743 5631 baec,
1768 5558 1842 5630 qood
1864 5555 1945 5613 codd.
1967 5561 2077 5627 excepto
2098 5556 2163 5611 cod.
2181 5556 2294 5629 Mebo.,
2315 5577 2375 5614 non

1470 5646 1483 5678 a
1506 5647 1541 5683 e.

379 5728 408 5795 1)
427 5724 513 5779 Codd.
526 5744 560 5777 ac
571 5726 654 5788 deneg
671 5723 755 5777 Penc.
768 5730 794 5775 et
807 5722 872 5779 cod.
883 5723 977 5779 Melm.
990 5733 1018 5776 et
1031 5742 1103 5780 uere.
1415 5713 1447 5778 6)
1464 5714 1510 5766 Sic
1523 5713 1585 5777 eod.
1600 5712 1696 5771 Melan.
1709 5723 1737 5767 et
1748 5712 1810 5768 cod.
1826 5711 1891 5768 Rev.
1909 5740 1946 5751 -
1980 5706 2054 5763 Text.
2070 5708 2140 5778 vulg.
2159 5724 2281 5764 errores.

375 5810 404 5879 2)
425 5794 507 5864 Peuc.
525 5816 551 5858 et
569 5805 632 5860 cod.
644 5804 738 5859 Metu.
751 5806 957 5871 dubitationem
979 5806 1042 5862 cod.
1056 5806 1140 5863 Goth.
1150 5807 1210 5864 2⁶3.
1228 5817 1256 5863 et
1269 5810 1334 5866 cod.
1414 5796 1443 5863 7)
1463 5794 1551 5850 Codd.
1566 5799 1649 5862 eamr
1665 5808 1727 5855 tert.
1741 5799 1822 5867 impr.
1838 5805 1864 5849 et
1877 5793 1940 5849 cod.
1958 5792 2053 5847 Mebn.
2065 5801 2170 5849 tamen,

348 5936 354 5942 .
410 5879 473 5932 Bar.
491 5875 639 5930 dumh-
1416 5880 1445 5949 8)
1462 5882 1610 5935 ravantum
1623 5900 1764 5951 euoenon
1778 5878 1946 5953 legunturin
1961 5877 2044 5933 codd.

1379 5258 1588 5275 Μ
