5325 6917
303 656 350 727 51

307 843 343 898 et
356 828 401 895 ab
417 826 491 914 ipso
506 831 735 911 expectemus.
768 815 829 889 Sic
843 816 945 885 facile
960 839 1025 885 nos
1042 815 1080 884 in
1095 816 1172 904 ipso
1184 837 1294 904 agno-

306 936 481 998 sceremus
497 934 532 991 et
545 919 819 1010 complectemur
835 918 1002 1011 quicquid
1020 918 1224 986 odiosorum
1250 914 1297 985 ti-

309 1029 473 1101 tulorum.
490 1020 666 1091 Diabolus
687 1034 721 1089 et
744 1022 903 1089 membra
929 1019 1004 1090 eius
1031 1018 1203 1088 iniiciant.
1255 1015 1298 1084 ln

310 1126 453 1201 Christo
471 1124 566 1194 enim
582 1146 646 1191 nec
663 1145 738 1192 mas
752 1121 895 1214 quidem
921 1134 956 1190 et
974 1120 1125 1205 femina,
1147 1117 1299 1189 Iudaeus

310 1247 344 1302 et
368 1223 562 1309 Ethnicus,
592 1224 724 1294 nedum
751 1217 949 1292 Lutherani
966 1234 1001 1308 et
1025 1219 1202 1304 Romani3
1236 1220 1298 1289 sed

310 1353 431 1403 omnes
449 1350 559 1398 unum
576 1338 669 1395 sunt.
717 1321 760 1392 In
778 1320 845 1393 hoc
867 1324 957 1393 bene
981 1323 1076 1407 vale,
1102 1336 1136 1392 et
1158 1323 1211 1391 fac
1234 1344 1299 1412 pro

310 1428 445 1504 Christi
461 1422 649 1511 charitate,
672 1439 714 1494 ut
728 1426 868 1495 tandem
885 1447 949 1493 nos
967 1423 1158 1515 aliqnando
1180 1422 1302 1491 videa-

310 1556 411 1617 mus,
449 1545 483 1600 et
506 1542 625 1598 sancto
657 1526 836 1620 colloquio
859 1549 925 1595 nos
947 1538 1071 1595 mutuo
1095 1545 1301 1593 recreemus.

310 1632 458 1726 Optime
471 1630 522 1699 mi
536 1644 570 1700 et
585 1628 731 1697 colende
746 1641 851 1720 atque
865 1650 947 1704 vere
964 1625 1091 1695 dilecte
1107 1625 1207 1695 cordi
1222 1648 1301 1692 meo

223 1767 227 1776 ’
310 1730 504 1829 Groppere.
554 1728 661 1800 Bonn
678 1729 792 1821 pridie
802 1726 975 1799 Calendas
988 1726 1175 1797 Februarii
1193 1719 1302 1798 1643.

776 1858 927 1932 Deditus
940 1858 1028 1929 Tibi
1041 1859 1079 1927 in
1093 1854 1250 1928 Domino

913 1960 965 2053 M.
979 1959 1149 2032 Bucerns.

411 2100 646 2191 Praecipuum
668 2095 799 2179 oblitus
821 2119 934 2163 eram:
976 2107 1010 2163 te
1031 2117 1095 2184 per
1121 2086 1302 2162 Christum

410 2226 498 2291 rogo
516 2216 550 2270 et
566 2202 734 2282 obtestor,
760 2221 866 2266 mone
881 2191 997 2264 adhuc
1010 2221 1079 2277 me,
1105 2204 1303 2261 versantem

412 2305 451 2372 in
478 2303 617 2391 negotio
642 2295 789 2370 Christi.
844 2295 962 2366 Debes
982 2291 1050 2365 hoc
1071 2290 1233 2374 Christ03
1269 2304 1304 2371 et

414 2406 506 2494 apud
537 2427 592 2470 me
622 2416 697 2496 tuto
726 2402 880 2490 depones
907 2397 1028 2467 omnia
1057 2416 1301 2485 necunquam

390 2543 394 2557 =
412 2508 542 2575 frustra
555 2502 727 2571 monebis.

325 2716 817 2739 mque—*0-
835 2713 977 2725 -nO--w—
986 2709 1294 2725 *mna—‘⁸⁸‘-

1085 2852 1303 2982 Q

647 3025 684 3106 I.
716 3022 962 3104 Matthesio.

380 3209 464 3281 Epist.
480 3206 526 3260 lib.
541 3205 574 3258 ll.
590 3222 617 3273 p.
629 3200 663 3254 28
676 3219 716 3320 M·
735 3199 813 3268 (edit.
825 3199 915 3253 Lond.
929 3197 976 3252 lib.
989 3196 1024 3248 ll.
1038 3212 1081 3265 ep.
1095 3198 1147 3260 11.)
1166 3227 1199 3238 .-.
1229 3198 1303 3269 Apo.

417 3275 545 3349 graphon'
555 3272 583 3324 in
600 3269 663 3326 cod.
709 3285 788 3321 onae.
801 3264 846 3319 89.
863 3266 966 3321 no.Vl.
983 3282 1009 3335 p.
1024 3262 1068 3316 51.

516 3426 571 3501 D.
597 3418 813 3496 Iohanni
833 3415 1103 3491 Matthesio

312 3550 358 3640 S.
381 3565 426 3637 D.
475 3559 591 3632 Deum
614 3571 795 3632 aeternum
813 3554 954 3625 Patrem
976 3554 1177 3624 liberatoris
1193 3549 1216 3647 ¹)
1237 3578 1306 3623 no·

313 3664 378 3742 stri
394 3666 473 3737 lesu
485 3658 717 3759 Christinoro,
742 3673 782 3728 ut
797 3652 989 3727 Ecclesiam
1011 3668 1161 3743 vestram
1185 3668 1219 3725 et
1237 3656 1307 3723 mi-

315 3767 501 3858 nisterium
536 3758 743 3851 Evangelii,
788 3782 859 3852 qno
896 3757 1074 3848 fungeris,
1123 3757 1307 3847 gubernet,

316 3856 453 3963 tibique
477 3868 538 3937 det
556 3865 730 3945 faustum,
756 3860 858 3943 felix,
882 3857 1117 3951 tranquillum
1140 3872 1175 3929 et
1199 3880 1306 3928 suave

317 3959 543 4059 coniugium,
567 3978 608 4034 ut
625 3961 887 4051 sit'coningium
904 3974 1006 4030 tuum
1017 3954 1046 4054 ²)
1069 3959 1185 4049 imago
1207 3983 1306 4028 amo-

256 4074 263 4085 ’
316 4057 384 4158 ris,
409 4094 480 4164 quo
495 4063 659 4137 Christus
671 4086 836 4155 sponsam
850 4082 949 4131 suam
963 4056 1157 4131 Ecclesiam
1177 4059 1306 4150 diligit,

314 4190 357 4246 ut
380 4186 472 4245 certe
493 4167 571 4237 vult
590 4160 757 4236 Christus
775 4174 911 4231 nostras
933 4155 1092 4259 στοργὰς
1112 4159 1211 4250 signa
1232 4184 1306 4230 esse

316 4276 372 4347 sui
388 4271 519 4346 amoris
533 4290 614 4360 erga
630 4288 707 4338 nos.
760 4261 908 4333 Gaudeo
930 4262 1086 4356 relinqui
1107 4262 1307 4333 altercatio-

316 4402 419 4455 nem,
444 4395 534 4468 quae
548 4371 642 4440 inter
657 4389 719 4436 vos
732 4365 800 4436 fuit
816 4358 859 4434 de
881 4359 1025 4433 institia
1047 4370 1134 4432 ante
1158 4358 1305 4460 lapsum

317 4474 504 4548 hnmanae
526 4477 693 4541 naturae.
743 4466 800 4537 Mi
819 4459 1016 4551 Matini,
1044 4466 1088 4535 de
1110 4465 1306 4557 praesenti.

317 4583 386 4651 bus
408 4574 538 4645 nostris
559 4568 756 4647 aerumnis,
781 4568 825 4635 de
847 4566 1022 4657 praesenti
1046 4566 1217 4636 beneficio
1232 4566 1307 4635 dis-

318 4696 495 4773 putemus.
561 4671 714 4759 Magnae
750 4689 805 4735 res
837 4667 943 4749 nobis
975 4666 1181 4755 cogitandae
1213 4678 1306 4737 sunt.

317 4782 511 4872 Postquam
526 4774 624 4867 lapsa
638 4782 690 4840 est
706 4764 861 4838 humana
877 4780 1022 4851 natura,
1047 4765 1237 4856 cogitemus
1253 4789 1308 4836 se-

318 4883 409 4953 riam
430 4880 537 4949 fuisse
558 4876 647 4945 iram
662 4867 748 4954 Dei,
773 4884 807 4940 et
829 4868 971 4964 quidem
992 4879 1148 4953 tantam,
1174 4882 1214 4939 ut
1235 4868 1307 4937 nisi

319 4999 405 5056 tunc
421 4978 535 5050 Filius
548 4977 670 5047 fuisset
692 4973 911 5063 deprecator,
945 4983 1019 5040 tota
1039 4982 1166 5040 natura
1188 4966 1308 5039 homi-

319 5110 406 5156 nnm
421 5082 548 5151 reiecta
562 5078 697 5149 fuisset.
746 5069 967 5143 Condiderat
980 5067 1077 5141 Deus
1091 5065 1254 5140 homines
1269 5084 1308 5141 ut

319 5173 355 5258 se
380 5183 607 5277 patefaceret,
630 5190 671 5247 ut
692 5175 949 5256 celebraretur,
974 5171 1126 5264 denique
1149 5186 1190 5243 ut
1212 5173 1313 5276 dele-s

320 5263 474 5359 claretur
497 5278 565 5352 hoc
586 5301 702 5372 opere.
753 5271 813 5345 Ab
836 5269 904 5363 hoc
925 5296 961 5348 se
977 5286 1216 5365 contemptum
1236 5296 1308 5343 esse

319 5411 402 5459 vere
421 5369 651 5456 irascebatur:
678 5378 740 5447 sed
762 5374 958 5454 intercessit
978 5399 1043 5468 pro
1065 5375 1170 5445 nobis
1185 5372 1310 5460 Filius,

320 5565 534 5608 ank-‘-

357 5712 387 5777 1)
404 5701 574 5765 musone]
590 5695 653 5752 cod.
669 5692 796 5750 Menae:
818 5691 932 5746 domini.

356 5797 388 5864 2)
405 5788 499 5857 tuum]
518 5782 581 5843 cod.
594 5780 705 5842 Monac.
720 5779 878 5834 nonhabet.

678 620 680 625 ’
749 756 753 762 ¹
869 578 1306 729 nersrorauon
1358 639 1563 717 nrn.1x.
1618 638 1749 719 1545.

2291 651 2339 721 32

1351 825 1392 883 ut
1406 807 1436 907 ¹)
1467 828 1606 885 rursus
1623 816 1829 905 magnitudo
1852 818 2113 890 misericordiae
2134 819 2344 900 declaretur,

1351 938 1441 1008 quae
1457 928 1575 985 tamen
1593 916 1623 985 si
1638 917 1689 986 ira
1708 942 1781 987 non
1798 920 1968 1009 cogitetur
1984 920 2154 990 declarari
2173 945 2247 990 non
2263 935 2343 1012 pot-

1352 1028 1413 1089 est.
1436 1013 1512 1084 Hos
1520 1012 1616 1085 locos
1630 1020 1812 1109 agitandos
1821 1017 1851 1113 ⁴)
1868 1035 1903 1090 et
1915 1023 2144 1091 illustrandos
2157 1045 2230 1091 esse
2240 1024 2344 1091 duco.

1351 1112 1399 1187 Et
1414 1117 1453 1186 in
1469 1111 1526 1186 his
1541 1120 1672 1188 versari
1686 1114 1851 1189 Paulum
1868 1123 1977 1195 vides.
2029 1118 2248 1210 Omittamus
2270 1124 2344 1191 dis-

1352 1217 1571 1310 putationes,
1602 1244 1691 1313 quae
1720 1220 1798 1312 plus
1826 1217 1961 1294 habent
1982 1224 2204 1309 subtilitatis,
2236 1247 2343 1318 quam

1352 1319 1527 1405 utilitatis,
1551 1344 1591 1416 ac
1607 1321 1645 1390 in
1660 1324 1791 1393 nostris
1805 1320 1973 1394 Ecclesiis
1986 1324 2210 1394 concordiam
2225 1327 2346 1395 fovea-

1352 1443 1443 1495 mus.
1493 1419 1534 1491 Id
1553 1434 1670 1493 autem
1689 1424 1767 1494 fieri
1782 1448 1857 1493 non
1871 1437 2002 1517 potest,
2027 1426 2096 1493 nisi
2114 1426 2261 1517 nosipsi
2288 1427 2345 1494 in-

1353 1523 1493 1592 terdum
1522 1525 1693 1615 quosdam
1717 1526 1968 1597 iracundorum
1995 1522 2181 1595 hominum
2205 1528 2346 1597 aculcos
2428 1534 2443 1555 ’·

1355 1622 1627 1694 dissimulemus.
1683 1623 1787 1695 Hanc
1808 1619 2075 1717 Philosophiam
2098 1628 2254 1720 profecte
2282 1653 2346 1697 ne-

1355 1724 1539 1794 cessariam
1561 1749 1635 1795 esse
1657 1726 1794 1796 doctori
1813 1726 1853 1795 in
1867 1725 2024 1798 Ecclesia
2045 1729 2186 1814 iudico,
2217 1743 2251 1799 et
2265 1730 2345 1821 opi-

1354 1849 1423 1895 nor
1444 1850 1522 1895 mea
1547 1828 1705 1919 exempla
1727 1828 1846 1920 aliqua
1868 1829 1908 1897 in
1931 1824 1998 1899 hoc
2022 1852 2148 1918 genere
2167 1830 2234 1899 tibi
2260 1845 2345 1900 uota

1356 1949 1439 1999 esse.
1493 1924 1579 1998 Viro
1602 1929 1795 1998 clarissimo
1819 1925 1864 2003 D.
1879 1925 2026 2000 Doctori
2041 1925 2160 2001 Nesia
2183 1944 2216 2001 et
2236 1932 2346 2001 eolle-

1354 2050 1417 2118 gae
1433 2040 1494 2098 tuo
1513 2030 1662 2099 salntem
1675 2027 1808 2125 opto⁵).
1858 2029 2061 2102 Amicitiam
2078 2032 2171 2101 inter
2186 2055 2251 2101 nos
2265 2057 2346 2124 per-

1355 2142 1497 2222 petuam
1514 2154 1587 2200 esse
1601 2132 1695 2203 volo.
1745 2130 1838 2201 Nam
1858 2132 1887 2201 si
1912 2132 1974 2223 qui
1997 2128 2083 2201 haec
2106 2133 2245 2201 vincula
2271 2157 2345 2202 nou

1356 2230 1629 2320 magnifaciunt,
1660 2227 1846 2323 propter‘')
1880 2233 2077 2303 studiorum
2112 2248 2146 2303 et
2168 2232 2345 2303 Ecclesiae

1355 2330 1662 2422 coniunctionem,
1694 2333 1849 2423 profecto
1877 2336 2006 2402 ferreos
2039 2336 2176 2404 animos
2202 2330 2345 2406 habent.

1356 2426 1453 2500 Mihi
1475 2445 1643 2525 tanquam
1669 2433 1794 2503 fratres
1814 2437 1985 2503 amandos
2016 2448 2048 2505 et
2077 2438 2244 2505 colendos
2273 2460 2346 2505 csse

1355 2555 1479 2601 omnes
1496 2534 1614 2603 iudico
1629 2532 1678 2629 ⁷),
1710 2535 1772 2627 qui
1791 2536 2077 2606 mecuml'ilium
2091 2535 2159 2605 Dei
2180 2540 2346 2605 invocant
2417 2577 2424 2590 ·

1355 2634 1558 2727 ubicunque
1580 2647 1774 2721 terrarum,
1811 2638 1939 2706 deinde
1963 2649 1996 2706 et
2020 2642 2348 2732 συμφιλοσοφοῦν-

1355 2758 1431 2813 τας.
1482 2733 1580 2804 Bene
1593 2738 1683 2805 vale.
1722 2735 1847 2807 Mense
1862 2736 1936 2807 lan.
1956 2735 2102 2832 15435)

2118 2953 2338 2964 m·

1368 3075 1435 3151 No.
1449 3076 1561 3152 2638.

1361 3172 1573 3209 m

2214 3093 2247 3153 5·
2262 3086 2346 3149 Febr.

2209 3182 2345 3209 Μ

1719 3248 1783 3333 Ie.
1812 3245 1990 3334 Snteiio.

1426 3417 1465 3472 lix
1477 3420 1645 3493 autographo
1657 3421 1728 3477 edita
1749 3424 1778 3477 ia
1798 3399 1837 3480 lo.
1850 3425 1935 3480 Mieb.
1948 3426 2014 3481 Sinti
2028 3387 2347 3503 Mdornetieatqtldibte

1461 3493 1504 3547 tet
1517 3490 1672 3559 ttctbtttctt
1684 3492 1871 3563 &ductatore
1892 3497 2045 3567 (enudat.
2061 3500 2135 3555 1794.
2149 3501 2186 3568 8.)
2204 3522 2230 3572 p.
2245 3506 2303 3557 21⁰.

1360 3641 1527 3742 Egregia
1547 3644 1749 3720 eruditione
1763 3660 1794 3720 et
1814 3650 1948 3747 pietate
1966 3652 2153 3748 praedito,
2175 3655 2242 3734 ·D.
2268 3657 2295 3728 I
2300 3687 2347 3729 o-

1358 3742 1510 3818 hanni
1534 3745 1734 3836 Saleiio,
1774 3748 1915 3823 docenii
1936 3751 2186 3851 Evangeiimn
2210 3760 2248 3828 in
2271 3758 2346 3829 Ec-

1543 3845 1655 3920 clesia
1673 3849 1933 3950 Smsnrrienri,
1963 3856 2080 3931 ucetico
2096 3883 2163 3930 sno

1357 3960 1399 4052 S.
1418 3978 1463 4054 D.
1513 3977 1603 4051 Heri
1617 3980 1706 4052 mihi
1722 4000 1755 4056 et
1768 3982 1963 4078 Epistulam
1986 4006 2083 4060 tuam
2104 4006 2139 4061 et
2162 3996 2347 4063 conciones

1357 4083 1402 4152 de
1414 4081 1547 4152 Lazaro
1558 4075 1597 4176 i)
1618 4080 1777 4156 exhibuit
1800 4103 1920 4159 noster
1938 4086 2210 4188 Nicolaus**),
2243 4120 2346 4188 quem

1357 4183 1453 4253 soleo
1466 4207 1591 4253 vocare
1607 4180 1832 4275 Troianum,
1857 4214 1940 4259 nam
1957 4191 2067 4262 Troia
2081 4190 2262 4289 Phrygum
2279 4198 2350 4264 lin-

1358 4307 1425 4373 gua
1440 4307 1581 4373 porcam
1597 4287 1823 4378 significavit,
1850 4288 1933 4361 inde
1946 4306 1980 4363 et
1996 4295 2167 4386 oppidum
2192 4311 2347 4369 restrum

1358 4383 1504 4455 Troiam
1524 4411 1621 4460 voco.
1671 4389 1756 4479 Legi
1774 4406 1807 4460 et
1824 4394 2026 4482 epistulam,
2052 4411 2158 4491 quam
2181 4399 2349 4491 scripsisti

1360 4549 1581 4566 m

1392 4634 1499 4706 mih.
1513 4638 1565 4693 ll.=
1584 4640 1678 4696 hibin.
1713 4644 1834 4701 Rursus.

1394 4717 1425 4788 4)
1442 4723 1603 4793 agitandas]
1622 4724 1683 4780 cod.
1699 4725 1810 4783 Monac.
1823 4733 1992 4796 cogitandos.

1395 4803 1425 4870 5)
1442 4804 1537 4868 „Viro
1550 4810 1658 4862 ciari'sc.
1671 4837 1706 4852 -·
1718 4810 1809 4878 opto”
1826 4812 1890 4867 eod.
1902 4812 2014 4869 Monac.
2029 4814 2134 4868 desunt.

1392 4889 1422 4959 6)
1441 4892 1608 4959 „proptu”
1623 4893 1695 4946 libro
1709 4893 1745 4947 ll.
1759 4895 1842 4949 deest.

1392 4974 1422 5041 7)
1441 4975 1510 5031 cod.
1526 4975 1636 5030 Monac.
1649 4982 1729 5032 duco.

1393 5057 1422 5123 8)
1440 5058 1551 5126 „Bene
1563 5062 1627 5113 nale
1640 5090 1673 5101 -
1691 5060 1784 5117 15l8.”
1803 5067 1864 5120 cod.
1879 5065 1990 5122 Monac.
2005 5069 2111 5121 desunt.

1393 5139 1423 5211 *)
1441 5142 1524 5195 Anno
1541 5144 1617 5196 1542.
1631 5144 1761 5199 sutellius
1774 5145 1910 5202 historiam
1925 5149 2016 5203 lazari
2030 5150 2069 5204 lo.
2084 5153 2123 5204 11.
2137 5161 2304 5206 enarraverat
2319 5155 2347 5207 in

1419 5211 1465 5264 '12
1483 5210 1680 5283 concionibus,
1711 5233 1778 5285 quae
1795 5235 1868 5269 auno
1892 5202 1965 5273 tiss.
1988 5217 2145 5289 prodierunt
2165 5217 2349 5294 Witebergae

1428 5277 1500 5350 apud
1521 5280 1666 5400 losephum
1680 5281 1753 5350 Klug
1791 5284 1832 5337 sic
1843 5284 2005 5355 inscriptae:
2030 5287 2164 5361 „biliosis
2182 5301 2234 5345 nott
2256 5292 2347 5366 iegato

1428 5352 1479 5404 aut
1491 5349 1545 5403 ten
1558 5348 1582 5400 X
1596 5386 1604 5402 .
1619 5364 1674 5414 cen.
1688 5353 1731 5406 tes
1744 5321 1880 5419 &munem
1894 5355 1931 5412 ὅ.
1945 5357 2082 5423 Sebenntt
2094 5371 2216 5427 pelopea,
2238 5359 2292 5429 Set
2306 5377 2349 5428 gut

1428 5416 1477 5486 adt
1488 5417 1531 5472 bes
1545 5416 1652 5478 babeat
1665 5434 1695 5487 pu
1713 5421 1776 5485 tecit
1792 5423 1837 5475 ten
1850 5422 1970 5479 &reaten
1990 5433 2041 5482 unt
2062 5426 2200 5486 habentia
2216 5429 2348 5496 nitentum

1428 5488 1561 5553 outaetept
1571 5490 1623 5542 unt
1637 5489 1765 5557 aencetipt
1776 5503 1806 5554 tn
1820 5487 1997 5561 &hadabert
2007 5495 2169 5564 {affrontem
2186 5497 2348 5562 doroteae,
2448 5493 2452 5506 ’

1429 5552 1503 5617 tuta
1521 5553 1561 5608 Μ.
1582 5555 1732 5622 zabernas
1753 5556 1927 5615 &arellium¹¹
1965 5558 2024 5614 vid.
2044 5561 2110 5620 sixt.
2133 5565 2151 5618 t.
2171 5564 2188 5617 l.
2206 5584 2231 5635 p.
2246 5565 2297 5618 116
2307 5583 2347 5633 sq.

1417 5616 1468 5673 ci.
1483 5638 1564 5690 supra
1579 5622 1655 5692 epist.
1670 5626 1702 5678 ad
1718 5621 1850 5678 Sutelium
1865 5628 1892 5678 d.
1906 5626 1933 5679 d.
1947 5627 1972 5679 2
1985 5626 2050 5681 Oet.
2066 5632 2142 5686 1542

1396 5700 1447 5772 Μ)
1465 5702 1593 5759 Nicolrus
1608 5707 1769 5777 Mauritius,
1787 5708 1834 5778 qui
1854 5727 1925 5764 aneo
1941 5712 2016 5765 teta.
2034 5713 2088 5780 suit
2103 5715 2240 5773 Diaconos
2255 5715 2351 5772 Eccle-

1429 5771 1484 5827 siae
1496 5772 1701 5866 Suiulortepeit.
1724 5793 1727 5799 ·
