5325 6917
304 670 381 746 695

308 860 406 925 tuos,
442 856 477 912 et
499 838 803 912 consuetudinem¹
819 852 928 909 totam
959 838 1139 908 venalium
1169 834 1299 905 Missa-

885 659 1322 741 EPISTOLARUM
1372 663 1482 744 LlB.
1514 664 1579 744 tx,
1633 663 1766 742 1546.

2269 662 2351 733 696

1450 835 1595 917 Horum,
1613 835 1865 907 beneficiorum
1895 830 2180 921 magnitudinem
2211 831 2351 902 nullius

309 970 409 1026 rum,
433 958 559 1015 tetram
575 935 894 1032 prophanationem
917 964 1000 1013 esse.
1053 939 1158 1010 Nunc
1181 939 1300 1008 suavi·
1350 951 1530 1009 creaturae
1556 938 1759 1031 eloquentia
1782 936 1899 1005 verbis
1921 957 2072 1027 aequare
2096 948 2224 1023 potest.
2280 934 2351 1005 Sed

311 1064 364 1117 ter
386 1046 564 1135 mitigant:
598 1042 797 1133 adplicetur
816 1067 925 1112 coena
947 1040 1096 1112 Domini
1117 1065 1182 1133 pro
1203 1064 1301 1108 mor·
1350 1054 1470 1110 tamen
1486 1042 1672 1131 cogitanda
1685 1053 1768 1109 sunt
1781 1039 1848 1129 piis
1862 1038 2056 1120 mentibus,
2081 1049 2115 1104 et
2133 1036 2352 1106 declaranda

312 1151 398 1234 tuis,
425 1171 498 1216 non
516 1145 654 1214 ratione
676 1144 854 1226 sacrificii,
882 1146 943 1214 sed
966 1145 1103 1214 ratione
1124 1143 1300 1232 suffragii3

312 1254 397 1320 liant
414 1248 555 1324 venales
571 1245 721 1329 Missae,
748 1247 807 1313 sed
823 1248 1012 1338 pauciores.
1065 1244 1299 1315 Manifestum

312 1366 382 1434 est,
415 1344 592 1419 ethnicam
622 1350 914 1418 consuetudinem
942 1372 1035 1428 esse,
1068 1347 1183 1440 qualis
1205 1369 1302 1417 nuuc

313 1466 381 1535 est,
414 1451 674 1520 invocationem
702 1466 936 1522 mortuorum.
995 1448 1100 1519 Nunc
1121 1448 1302 1538 mitigant:

313 1558 523 1622 invocentur
536 1553 748 1637 modestius,
774 1555 881 1622 rerba
904 1552 1020 1620 lenius
1042 1551 1303 1640 intelligantur:

312 1656 428 1725 Maria
452 1669 564 1723 mater
578 1654 726 1743 gratiae,
753 1670 791 1724 tu
813 1678 878 1724 nos
896 1655 940 1722 ab
958 1649 1058 1722 hoste
1079 1667 1238 1746 protege,
1264 1651 1303 1717 in

312 1753 399 1826 hora
416 1757 539 1825 mortis
554 1757 689 1846 suscipe
698 1781 707 1839 3
733 1759 793 1825 sed
807 1760 1029 1829 invocentur.
1080 1756 1140 1828 Sic
1155 1755 1194 1821 in
1208 1751 1303 1819 mul-

313 1861 357 1930 tis
383 1860 461 1926 aliis
483 1857 742 1925 moderationes
762 1871 937 1950 quaerunt
967 1858 1073 1936 tales,
1106 1879 1196 1949 quac
1219 1854 1305 1923 reti-

314 1974 424 2029 neant
443 1982 570 2027 nervos
596 1959 789 2049 impiorum
814 1960 991 2032 cultuum.
1050 1956 1103 2026 De
1128 1956 1305 2026 coelibatu

313 2058 406 2129 nihil
422 2063 537 2129 dicere
552 2074 717 2151 possunt,
749 2076 783 2131 et
799 2074 917 2129 tamen
932 2062 1157 2152 impudenter
1171 2081 1305 2149 propu-

314 2178 433 2250 gnant,
451 2164 533 2255 quia
544 2163 764 2232 commodior
778 2178 828 2232 est
842 2165 885 2231 ad
895 2186 977 2252 opes
995 2161 1304 2231 administrandas.

413 2263 491 2332 llac
506 2260 765 2357 Sycophantiae
779 2279 989 2357 praeparant
1002 2262 1140 2352 Regum
1155 2262 1304 2345 animos,

315 2381 431 2457 postea
460 2368 641 2435 adduntur
670 2368 959 2444 declamationes,
992 2389 1098 2455 quam
1126 2365 1171 2432 sit
1192 2359 1303 2431 hone-

314 2485 404 2537 stum
432 2468 523 2536 tueri
546 2469 656 2557 leges,
682 2482 715 2537 et
737 2482 953 2559 praesentem
967 2466 1116 2534 formam
1134 2463 1302 2551 Itetpub,

313 2595 417 2661 quam
437 2570 671 2657 periculosum
686 2569 730 2637 sit
744 2569 850 2635 semel
866 2567 1052 2634 admittere
1066 2564 1302 2632 mutationum

313 2671 522 2757 exernplnm.
581 2667 632 2734 lta
655 2669 895 2735 incenduntur
914 2664 1028 2753 Reges
1049 2669 1093 2734 ad
1118 2665 1302 2734 saeviciam

315 2773 351 2837 in
377 2791 459 2837 suos
481 2769 729 2848 exercendam,
753 2781 788 2836 et
810 2769 853 2836 ad
871 2769 1045 2836 movenda
1068 2767 1161 2836 bella
1177 2769 1304 2837 adver-

312 2894 370 2938 sus
389 2870 517 2937 multas
531 2870 691 2938 nationes
709 2882 743 2937 et
754 2871 844 2938 bene
860 2882 1012 2938 moratas
1028 2870 1202 2951 civitates,
1215 2893 1304 2962 quae

312 2985 395 3040 sunt
410 2969 589 3039 domicilia
609 2970 828 3049 litterarum,
855 2971 1063 3061 disciplinae
1080 2986 1114 3042 et
1129 2968 1304 3041 Ecclesia-

311 3097 412 3156 rum,
439 3073 511 3139 imo
526 3095 615 3163 quae
632 3087 715 3143 sunt
731 3087 938 3142 ornamenta
960 3074 1068 3141 totius
1081 3073 1178 3142 orbis
1193 3087 1303 3143 terra-

311 3200 403 3246 rum.
455 3172 551 3242 Haec
572 3169 787 3264 sophismata
810 3189 845 3242 et
867 3171 952 3243 haec
975 3174 1163 3265 parricidia
1178 3189 1305 3244 vocant

314 3277 380 3367 ipsi
402 3272 580 3341 Ecclesiae
603 3276 910 3358 reformationem,
942 3298 1130 3367 quaecum
1153 3276 1303 3344 certissi-

314 3399 411 3443 mum
435 3374 497 3450 sit,
526 3398 599 3441 non
619 3397 692 3441 esse
709 3401 730 3443 a
748 3373 843 3454 Deo,
865 3399 948 3443 nam
971 3375 1145 3445 Diabolus
1168 3390 1218 3445 est
1239 3401 1303 3446 au-

313 3492 389 3545 ctor
417 3471 697 3555 mendaciorum,
732 3469 1007 3547 homicidiorum
1038 3491 1071 3546 et
1100 3478 1302 3563 libidinum,

312 3574 482 3644 monendi
500 3587 535 3641 et
550 3568 717 3641 hortandi
735 3567 818 3643 sunt
836 3600 958 3666 omnes
974 3572 1155 3660 homines,
1182 3594 1224 3649 ut
1244 3603 1302 3648 so-

312 3679 477 3746 cietatum
496 3700 619 3746 eorum
643 3676 799 3764 fugiant,
826 3676 887 3768 qui
911 3701 946 3744 se
960 3679 1170 3767 profitentur
1184 3677 1302 3753 hostes

311 3802 384 3847 esse
398 3777 599 3857 doctrinae,
625 3802 714 3870 quae
731 3794 833 3849 sonat
853 3778 890 3845 in
905 3776 1073 3847 Ecclesiis
1086 3784 1226 3854 nostris.

414 3879 546 3967 Magna
569 3880 760 3949 multitudo
785 3894 836 3950 est
856 3877 1136 3971 Epicuraeorum
1159 3884 1302 3975 ubique,

311 3984 373 4073 qni
403 3982 518 4047 rident
544 4003 666 4047 omnes
695 3982 883 4069 religiones
914 3997 948 4052 et
978 3983 1120 4074 qrridem
1149 3985 1188 4052 in
1211 3986 1300 4052 aulis

310 4081 523 4149 Pontificum
546 4093 579 4147 et
600 4077 750 4169 Regum.
818 4081 888 4149 llic
909 4085 1052 4153 ducitur
1076 4109 1148 4153 esse
1172 4088 1301 4174 gradus

311 4181 503 4273 sapientiae
520 4182 728 4272 praecipuus
750 4184 867 4253 ridere
889 4185 1095 4273 religiones,
1123 4200 1157 4255 et
1181 4200 1300 4255 tamen

309 4286 469 4375 gnaviter
493 4283 659 4352 simulare
687 4285 843 4355 studium
867 4290 1057 4357 servandae
1074 4290 1302 4360 eonsuetudi-

310 4388 378 4455 nis.
427 4384 470 4454 ln
487 4410 528 4455 eo
546 4381 734 4456 hominum
750 4411 875 4476 genere
899 4384 964 4457 hae
979 4402 1119 4458 nostrae
1136 4392 1300 4461 admoni-

310 4490 424 4555 tiones
445 4512 570 4578 parum
597 4490 729 4574 valent,
757 4492 817 4558 sed
834 4491 915 4558 illos
935 4490 1115 4582 alloquor,
1141 4494 1204 4585 qui
1219 4517 1302 4561 sen-

310 4589 421 4667 tiunt,
447 4614 521 4656 nora
545 4612 626 4657 casu
649 4606 773 4661 natum
794 4616 867 4661 esse
890 4586 1077 4659 hominum
1102 4615 1229 4681 genus,
1261 4610 1301 4665 ut

311 4689 443 4778 pulices
474 4701 535 4756 aut
563 4713 719 4771 muscas,
750 4697 811 4762 sed
839 4692 908 4763 Dei
936 4693 1085 4762 consilio
1116 4697 1300 4766 conditum

312 4813 402 4869 esse,
429 4790 473 4855 ad
490 4788 600 4877 ipsius
615 4792 852 4876 agnitionem,
888 4792 935 4865 Et
951 4793 1068 4864 Deum
1084 4822 1165 4866 vere
1181 4821 1216 4866 se
1237 4823 1300 4888 pa-

310 4890 465 4960 tefecisse
489 4883 646 4955 humano
669 4893 807 4976 generi,
833 4919 872 4962 ac
895 4921 976 4965 vere
1002 4898 1185 4967 tradidisse
1209 4897 1299 4965 Pro-

309 4986 485 5084 pheticam
520 5002 556 5058 et
584 4985 823 5079 Apostolicam
859 4996 1065 5065 doctrinam.
1125 4996 1204 5067 Hoc
1237 4998 1299 5089 qui

1352 1142 1473 1234 aliquo
1488 1144 1594 1212 modo
1608 1142 1784 1232 gratitudo
1803 1141 1920 1209 studio
1938 1138 2203 1230 amplectendae
2213 1140 2352 1207 doctri—

1353 1269 1438 1326 nae,
1471 1258 1505 1313 et
1528 1245 1654 1315 tuendi
1677 1258 1710 1313 et
1736 1242 1889 1311 ornandi
1919 1239 2107 1309 ministerii
2128 1236 2353 1329 Evangelici,

1353 1361 1387 1416 et
1408 1347 1656 1416 benevolentia
1679 1367 1758 1432 erga
1780 1346 1874 1435 ipsos
1894 1339 2084 1425 Doctores,
2117 1366 2277 1434 quorum
2301 1344 2353 1413 la-

1352 1448 1516 1533 boribus,
1541 1446 1726 1539 periculis,
1761 1460 1794 1516 et
1823 1445 1958 1533 magnis
1987 1445 2080 1514 curis
2101 1458 2136 1514 et
2160 1445 2352 1517 doloribus

1353 1550 1513 1619 doctrina
1529 1550 1737 1621 restituitur.

1455 1703 1526 1774 Sed
1558 1716 1598 1772 ut
1627 1723 1763 1789 semper
1789 1694 1948 1767 Ecclesia
1971 1712 2089 1767 coetus
2114 1711 2167 1767 est
2194 1699 2354 1788 exiguus,

1355 1808 1403 1878 ita
1427 1807 1531 1898 pauci
1554 1817 1658 1888 sunt,
1690 1800 1753 1894 qui
1780 1793 1865 1869 haee
1895 1800 2010 1869 officia
2040 1813 2238 1890 praestant,
2288 1805 2353 1871 sed

1356 1921 1552 1978 esttamen
1579 1918 1698 1975 coetus
1729 1902 1875 1993 aliquis,
1913 1915 1947 1971 et
1970 1901 2158 1970 mediocris
2185 1903 2355 1974 multitu-

1356 2013 1415 2083 do.
1464 2007 1561 2077 Haec
1582 2007 1730 2076 invitata
1745 2002 1812 2073 Dei
1835 2027 1915 2092 erga
1939 2027 2003 2071 nos
2018 2027 2157 2087 amore,
2180 2018 2216 2074 et
2237 2004 2353 2076 morte

1355 2111 1458 2193 Filii,
1484 2111 1618 2179 amabit
1631 2105 1886 2194 Evangelium,
1914 2105 2084 2173 nccvolet
2099 2105 2285 2175 inflectere
2308 2112 2354 2177 ad

1356 2237 1435 2282 suas
1458 2212 1684 2303 cupiditates,
1718 2232 1782 2276 nec
1800 2207 2017 2297 corruptelas
2039 2206 2202 2295 affingat,
2232 2223 2276 2279 ut
2301 2225 2353 2280 at.

1355 2326 1527 2404 temperet
1549 2310 1783 2398 Evangelium
1806 2322 1975 2401 tanquam
1996 2307 2160 2377 Lesbiam
2182 2311 2356 2399 regulam,

1354 2430 1395 2485 ut
1412 2416 1560 2491 dicitur,
1583 2415 1632 2480 'ad
1647 2409 1860 2480 Pontificum
1884 2411 2182 2495 dominationem;
2209 2414 2268 2482 sed
2286 2439 2354 2485 au-

1355 2518 1430 2586 diet
1454 2512 1711 2603 Evangelium,
1751 2526 1793 2580 ut
1822 2511 2012 2603 discipula,
2054 2525 2088 2583 et
2119 2514 2354 2604 amplectetur

1356 2642 1504 2710 purum,
1529 2616 1777 2706 incorruptum
1792 2627 1826 2682 et
1843 2637 1917 2682 non
1935 2614 2087 2683 dilutum
2105 2609 2259 2684 ethnicis
2273 2620 2352 2710 opi-

1354 2720 1535 2791 nionibus.

1457 2867 1534 2937 Hos
1552 2862 1688 2937 Christi
1710 2848 1887 2933 auditores
1903 2887 2003 2953 spero
2019 2863 2172 2935 libenter
2188 2880 2224 2936 et
2244 2863 2352 2939 huius

1356 3085 1556 3161 temporum
1578 3065 1763 3137 historiam
1785 3081 1819 3137 et
1848 3081 1992 3159 propter
2011 3092 2067 3136 res
2096 3070 2190 3161 ipsas
2219 3096 2350 3162 cogno-

1356 3174 1503 3242 scendae
1520 3184 1615 3240 scrut.
1663 3167 1759 3238 Hinc
1774 3170 1870 3237 enim
1893 3169 2043 3258 intelligi
2060 3172 2210 3260 poterit,
2237 3199 2351 3267 quan-

1355 3287 1409 3343 tae
1431 3274 1565 3343 fuerint
1586 3272 1752 3342 tenebrae
1775 3272 1935 3361 priorum
1951 3286 2171 3362 temporum,
2197 3276 2261 3343 etsi
2284 3271 2350 3347 hae

1355 3369 1471 3444 adhuc
1499 3376 1538 3443 in
1562 3373 1685 3443 multis
1705 3373 1910 3461 regionibus
1932 3388 1965 3443 et
1986 3389 2132 3444 manent
2162 3389 2198 3445 et
2219 3380 2350 3447 confir-

1353 3491 1508 3550 mantur.
1567 3474 1706 3544 Deinde
1727 3476 1815 3544 utile
1840 3489 1891 3544 est
1920 3474 2059 3554 videre,
2095 3502 2185 3568 quae
2215 3480 2349 3551 fuerint

1354 3578 1613 3671 progressiones
1629 3577 1901 3661 emendationis,
1928 3589 1960 3645 et
1974 3577 2141 3647 lectorem
2157 3582 2300 3650 erudire
2316 3598 2350 3653 et

1353 3683 1397 3750 dc
1420 3680 1543 3749 multis
1567 3680 1703 3767 magnis
1732 3679 1838 3747 rebus
1867 3680 2165 3749 commonefacere
2188 3700 2351 3772 possunt.

1354 3779 1400 3853 Et
1415 3784 1546 3852 multae
1563 3794 1678 3871 partes
1692 3780 1873 3849 doetrinae
1885 3777 2164 3860 Ecclesiasticae,
2191 3808 2349 3873 quarum

1353 3885 1507 3973 cognitio
1537 3883 1730 3953 necessaria
1766 3895 1816 3951 est
1850 3881 2037 3966 omnibus,
2069 3878 2124 3951 hic
2150 3884 2349 3974 explicatae

1351 4000 1446 4059 suut.

1406 4220 1408 4223 y
1453 4131 1658 4203 Dolendum
1681 4147 1733 4202 est
1753 4146 1872 4202 autem
1894 4144 2033 4201 tantum
2059 4156 2131 4201 esse
2154 4129 2347 4206 Potentum

1351 4235 1582 4327 pertinaciam
1598 4237 1637 4303 in
1653 4235 1885 4326 opprimenda
1904 4233 1980 4302 luce
1994 4230 2200 4323 Evangelii,
2217 4252 2346 4309 utnon

1352 4338 1767 4427 solum.superstitiones
1801 4337 1896 4428 apud
1929 4356 2010 4404 suos
2042 4336 2246 4423 stabiliant,
2288 4343 2347 4408 sed

1354 4440 1479 4509 malint
1501 4437 1718 4531 Epicuraeos
1739 4440 1894 4516 furores,
1927 4451 1961 4506 et
1983 4437 2098 4505 varias
2119 4441 2345 4511 confusiones

1353 4540 1535 4612 Sectarum
1551 4543 1642 4612 inter
1659 4564 1740 4610 srvos
1763 4538 1932 4627 grassari,
1957 4551 1997 4607 ut
2017 4539 2146 4630 passim
2162 4540 2244 4609 fieri
2262 4568 2346 4613 con-

1351 4656 1437 4727 stat,
1464 4668 1571 4735 quam
1594 4641 1788 4710 emendatis
1803 4638 1970 4710 Ecclesiis
1992 4640 2178 4731 praeficere
2196 4643 2346 4715 idoneos

1351 4739 1533 4823 homines,
1559 4744 1622 4835 qui
1639 4738 1732 4811 hane
1754 4742 1996 4833 incorruptam
2012 4738 2203 4831 Evangelii
2222 4771 2344 4816 vocem

1350 4857 1609 4935 proponerent,
1636 4868 1726 4938 qnae
1743 4844 1782 4912 in
1796 4844 1926 4914 nostris
1941 4840 2108 4914 Ecclesiis
2123 4861 2240 4920 sonat.

1451 4995 1543 5068 Cum
1561 5022 1643 5067 vero
1658 4992 1825 5069 humanis
1842 4999 1999 5069 consiliis
2014 4998 2117 5066 leniri
2137 4992 2228 5069 haec
2244 5025 2344 5092 aspe-

309 5094 484 5171 sentiunt,
511 5091 718 5181 intelligunt
733 5115 806 5159 non
825 5092 930 5161 licere
945 5090 1151 5166 hominibus
1166 5114 1300 5170 mutare
1350 5099 1436 5168 ritas
1453 5125 1527 5168 non
1543 5101 1670 5191 possit,
1695 5098 1809 5171 Deum
1826 5116 2007 5171 aeternum
2030 5098 2172 5170 Patrem
2194 5099 2346 5172 Domini

309 5208 447 5263 aeterna
460 5191 527 5261 Dei
543 5196 700 5279 decreta,
723 5195 783 5263 sed
799 5219 935 5265 summa
956 5198 1151 5268 reverentia
1175 5224 1214 5268 ea
1236 5227 1301 5271 au·
1351 5204 1463 5272 nostri
1489 5201 1569 5272 lesu
1589 5199 1723 5273 Christi
1740 5230 1823 5289 oro,
1844 5228 1913 5273 una
1936 5227 2015 5272 cum
2037 5203 2204 5273 universa
2218 5201 2346 5273 Eccle-

310 5295 386 5363 dire
409 5308 442 5364 et
467 5295 632 5384 amplecti
655 5298 841 5379 debemus,
877 5314 910 5369 et
931 5298 1007 5368 Deo
1038 5301 1166 5389 gratias
1188 5326 1300 5393 agere,
1350 5304 1420 5390 sia,
1445 5321 1483 5376 ut
1500 5307 1573 5397 ips'e
1590 5305 1660 5373 sibi
1673 5305 1833 5395 colligat,
1860 5317 1955 5395 regat
1970 5318 2004 5373 et
2021 5320 2136 5375 servet
2146 5302 2346 5376 Ecclesiam

309 5398 406 5489 quod
421 5411 454 5466 et
471 5396 606 5486 diligit,
623 5410 657 5467 et
673 5398 821 5487 diligere
835 5425 871 5469 se
889 5403 991 5473 toties
1005 5401 1299 5475 adfirmatEcele-
1349 5420 1547 5492 aeternam,
1573 5432 1613 5476 ac
1629 5419 1671 5477 ut
1686 5407 1810 5492 ¹flectat
1831 5422 1966 5478 mentes
1985 5404 2126 5495 Regum
2152 5420 2187 5476 et
2201 5403 2346 5478 Princi-

306 5498 395 5569 siam
408 5523 518 5583 suam,
532 5510 566 5567 et
577 5499 676 5569 dedit
688 5501 790 5571 nobis
800 5502 989 5593 pignnssui
1003 5506 1145 5586 amoris,
1154 5505 1298 5595 Filium,
1348 5534 1452 5600 pum,
1478 5512 1523 5579 ad
1544 5509 1823 5600 amplectendam
1845 5524 1880 5579 et
1895 5510 2159 5601 propagandam
2177 5509 2345 5580 incorru-

268 5629 271 5634 ·
307 5605 348 5671 et'
361 5600 499 5670 addidit
512 5597 765 5690 Evangelium,
790 5618 824 5673 et
848 5605 884 5674 id
910 5605 1297 5701 saepissimerestituit,
1347 5625 1444 5703 ptam
1476 5607 1663 5699 Evangelii
1689 5612 1906 5695 doctrinam,
1947 5626 1988 5683 ut
2016 5610 2173 5681 serviant
2208 5613 2344 5703 gloriae

307 5727 387 5773 cum
412 5697 598 5772 hominum
623 5704 835 5793 negligentia
860 5720 894 5778 et
915 5709 1050 5779 malitia
1070 5721 1130 5779 aut
1151 5733 1295 5802 prorsus
1345 5707 1498 5795 Christi,
1531 5726 1564 5781 et
1593 5712 1718 5802 populi
1748 5712 1854 5782 saluti
1884 5738 1965 5784 vere
1993 5714 2190 5787 consulant.
2245 5711 2343 5783 Beue

306 5804 344 5871 in
360 5805 576 5875 oblivionem
600 5806 715 5890 veuit,
741 5821 802 5877 aut
818 5809 999 5881 obscurari
1015 5812 1140 5902 eoepit.
1345 5814 1424 5885 vale
1435 5809 1635 5884 Christiane
1649 5810 1789 5888 Lector.
