5325 6917
882 615 1319 695 ttetsronttttttt

1168 795 1224 875 (¹1·
1250 795 1304 877 ··)

312 633 387 716 569

328 806 394 878 Νο.
411 798 524 875 8101.

319 901 531 937 Μ

691 970 747 1083 Ἰ.
775 994 919 1082 lonae.

383 1154 406 1229 †
426 1156 464 1210 llr
482 1154 591 1209 collect.
608 1150 781 1205 Bellenstadt.
803 1148 868 1207 Vol.
882 1149 904 1205 1.
918 1168 945 1223 p.
957 1146 1033 1219 461²,
1057 1149 1104 1222 qui
1124 1168 1184 1207 sem
1199 1147 1304 1206 ‹lucri-

418 1226 471 1297 psit
484 1242 500 1276 e
512 1222 576 1280 cod.
588 1218 708 1275 Gudisn.
721 1218 888 1291 Guelpberb.

554 1471 557 1476 =
640 1372 775 1448 Iusto
800 1372 960 1452 Ionae.

315 1497 437 1589 Filius
459 1506 488 1582 I
486 1532 579 1581 onas
599 1510 667 1580 iter
688 1504 767 1579 lteri
789 1509 965 1599 ingressus
984 1520 1076 1594 erat,
1101 1531 1182 1577 cum
1196 1505 1303 1576 adve-

316 1618 372 1689 nit
392 1629 505 1685 vester
524 1611 745 1697 tabellarius,
778 1635 883 1706 quem
901 1633 1074 1705 aquarum
1095 1606 1303 1678 exundatio·

315 1741 379 1789 nes
393 1728 587 1785 remoratae
607 1714 758 1785 fuerant.
807 1711 945 1783 Literas
961 1713 1005 1780 ad
1023 1712 1135 1780 lilium
1157 1709 1302 1798 scriptas

317 1820 419 1889 nolui
439 1818 572 1905 legere,
597 1838 724 1907 easque
742 1813 842 1883 vobis
864 1814 965 1882 reddi
987 1812 1186 1901 obsignatas
1207 1808 1301 1879 iussi.

317 1920 425 2011 Quod
450 1941 534 1987 vero
564 1916 762 2005 exemplum
790 1914 904 1984 nostri
933 1914 1053 2005 scripti
1082 1912 1235 2001 flagitas,
1270 1911 1301 1979 si

317 2023 414 2117 quod
435 2015 602 2089 haberem
623 2018 775 2086 libenter
796 2017 982 2087 mitterem.
1034 2012 1181 2083 Mallem
1206 2010 1302 2081 enim

317 2140 350 2196 te
365 2124 535 2211 integram
552 2119 746 2188 orationem
761 2117 893 2206 legere,
915 2116 1054 2185 facilius
1076 2114 1143 2183 tibi
1164 2113 1301 2183 satisfa-

317 2240 471 2306 cturam,
491 2243 597 2314 quam
615 2219 739 2289 audire
763 2230 900 2287 tantum
923 2219 1115 2305 fragmenta
1130 2228 1300 2306 excerpta.

316 2327 386 2398 Sed
408 2346 542 2393 summa
563 2320 703 2390 consilii
724 2319 811 2405 fuit,
830 2331 872 2387 ut
896 2342 992 2388 nunc
1014 2319 1158 2409 quidem
1181 2330 1301 2384 noster

318 2425 519 2497 hortaretur
535 2423 654 2503 illum,
682 2421 743 2515 qui
768 2419 957 2512 imperium
971 2432 1105 2487 vestrae
1126 2417 1225 2485 urbis
1250 2430 1300 2485 te-

315 2542 395 2613 net,
414 2541 455 2597 ut
481 2524 703 2595 ecclesiarum
727 2519 974 2611 tranquillitati
995 2543 1035 2587 eo
1051 2520 1156 2586 modo
1172 2540 1300 2587 consu-

317 2630 420 2710 leret,
452 2641 491 2694 ut
517 2625 618 2713 petis.
676 2619 768 2689 Nam
795 2642 916 2707 cogere
947 2643 1026 2687 eum
1054 2642 1127 2687 non
1154 2630 1299 2708 poterat.

315 2729 379 2797 Sin
396 2740 512 2794 autem
527 2746 602 2791 non
618 2720 796 2790 obtineret
811 2720 919 2804 iusta,
945 2735 1060 2810 postea
1083 2743 1165 2803 uos,
1191 2720 1221 2788 si
1242 2720 1299 2786 in-

313 2842 591 2914 terrogaremur,
615 2821 872 2890 deliberaturos
886 2844 975 2900 esse,
1001 2821 1106 2913 quid,
1134 2820 1300 2913 aquibus

313 2928 390 2998 lier'i
417 2929 563 2995 deceret.
620 2920 697 3013 Ego
720 2944 796 2989 non
824 2921 945 2989 reiicio
971 2923 1015 2989 ad
1047 2921 1180 3003 aulam,
1210 2944 1299 3012 quae

313 3028 483 3118 gravatim
500 3023 646 3114 suscipit
660 3023 827 3107 etaidet,
853 3045 889 3091 se
912 3022 1071 3091 obtinere
1093 3046 1166 3089 non
1188 3043 1299 3111 posse.

310 3126 364 3197 Ac
388 3151 505 3197 meum
528 3124 686 3195 animum
707 3123 777 3192 iam
799 3124 884 3193 olim
909 3126 952 3191 ad
977 3124 1181 3192 servitutem
1210 3122 1300 3191 tole-

312 3231 461 3298 randam
476 3227 675 3316 composui,
701 3239 735 3294 et
759 3246 860 3315 saepe
884 3224 999 3313 cogito
1024 3225 1116 3293 inter
1137 3224 1299 3292 miranda

314 3353 418 3418 opera
435 3329 625 3394 immensae
639 3322 976 3393 misericordiaeDei
990 3319 1058 3393 hoc
1072 3325 1299 3416 praecipuum

312 3450 405 3509 esse,
424 3428 519 3518 quod
534 3423 711 3491 ecclesiam
724 3423 858 3513 colligit
872 3425 913 3492 in
923 3438 1020 3494 tanta
1036 3426 1209 3494 malorum
1226 3425 1299 3492 col-

315 3527 429 3609 luvie,
451 3525 600 3615 ideoque
615 3546 690 3599 eam
707 3523 800 3592 inter
812 3524 924 3592 malos
938 3521 995 3594 hic
1011 3526 1169 3599 collocat.
1220 3520 1298 3594 Oro

313 3641 451 3711 autem,
480 3638 521 3695 ut
546 3647 612 3693 nos
641 3624 829 3713 gubernet,
861 3638 895 3694 et
920 3626 1082 3696 salutaris
1104 3629 1151 3697 sit
1180 3640 1300 3697 noster

316 3749 448 3799 cursus.
498 3724 595 3796 Bene
610 3724 697 3795 vale.
796 3816 799 3820 p

1369 617 1477 702 LlB.
1510 618 1579 702 IX.
1632 618 1764 703 1⁵44.
2274 627 2358 708 660

1356 787 1436 862 Tua
1452 792 1584 880 officia,
1612 795 1663 864 mi
1677 789 1955 884 Bortolomaee,
1978 798 2097 871 omnia
2113 793 2204 870 mibi
2220 803 2350 893 gratis-

1355 890 1443 963 sima
1464 917 1601 987 semper
1621 898 1776 971 fuerunt.
1828 898 1899 969 Sed
1923 896 1990 968 hoc
2008 903 2119 971 multo
2135 905 2269 993 gratius
2284 918 2348 991 est,

1355 996 1452 1085 quod
1485 1010 1619 1067 tantam
1651 998 1691 1065 in
1723 999 1876 1069 amicitia
1910 1003 2145 1071 constantiam
2179 1022 2347 1095 praestas,

1355 1096 1453 1185 quod
1471 1110 1512 1165 ut
1535 1097 1640 1167 facias
1656 1112 1844 1189 perpetuo,
1867 1116 1901 1172 te
1917 1102 2022 1171 etiam
2037 1118 2141 1197 atque
2157 1106 2264 1176 etiam
2281 1110 2344 1177 ad·

1354 1188 1489 1266 hortor.
1536 1191 1699 1268 Christus
1715 1212 1774 1268 tua
1788 1201 1925 1289 negotia
1942 1203 2032 1271 bene
2055 1205 2234 1288 fortunat,
2261 1220 2297 1279 et
2314 1222 2347 1280 te

1354 1306 1503 1390 tuosque
1524 1313 1638 1369 servet
1658 1299 1864 1373 incolumes.
1901 1301 1958 1372 Tu
1975 1329 2116 1398 quoque
2132 1330 2247 1402 aequo
2268 1312 2346 1380 ani-

1354 1419 1413 1466 mo
1436 1398 1713 1471 mediocritatem
1738 1414 1819 1471 tuae
1843 1406 2059 1475 conditionis
2085 1408 2189 1482 ferto.
2247 1407 2347 1483 Hace

1353 1497 1466 1568 virtus
1482 1512 1515 1569 et
1530 1494 1676 1571 homine
1690 1505 1872 1573 moderato
1890 1506 2094 1595 dignissima
2111 1523 2179 1595 est,
2193 1509 2346 1583 etChri·

1352 1614 1406 1669 sto
1418 1599 1541 1692 placet.
1592 1599 1690 1671 Bene
1705 1603 1794 1674 vale.
1845 1604 1967 1677 Saluta
1981 1610 2119 1683 fratres.
2169 1604 2346 1714 Casporo

1352 1723 1427 1769 non
1444 1702 1589 1773 vacabat
1603 1705 1777 1790 scribere,
1801 1707 1952 1777 scribam
1967 1705 2109 1807 alias').

1351 2028 1418 2104 No.
1436 2032 1550 2108 stoa.

1360 2125 1532 2155 Μ

2189 2054 2247 2134 (k
2269 2060 2321 2140 ⁸·)

1738 2186 1788 2273 G.
1818 2189 1962 2276 Helio.
2172 2132 2345 2177 w

1420 2338 1685 2425 Prseurisssdibro:
1722 2346 1922 2431 denotationes
1942 2351 2013 2435 ¹l’ltil.
2036 2353 2104 2437 Met:
2130 2355 2159 2411 in
2185 2358 2339 2440 Evangells,

1452 2421 1735 2535 qppiqepsstqqopqqpqe
1746 2416 2339 2544 qaebMDanqqrplep's'etasestts·proponuntur.

1451 2546 1458 2558 ·
1560 2500 1598 2551 ,p
1729 2501 1779 2536 ess
1840 2525 1847 2541 .
1882 2525 1888 2539 .
1999 2528 2008 2545 .
2044 2494 2340 2561 ,tqurtrbertutetor

1450 2565 1480 2628 sn
1494 2547 1661 2612 Bibliotheca
1681 2550 1796 2632 Senatps
1813 2553 1842 2606 Li
1864 2576 1900 2636 sq,
1918 2576 1932 2610 e
1954 2576 2009 2627 quo
2030 2579 2087 2614 earn
2100 2562 2243 2639 descripsit
2258 2573 2340 2627 Lun-

1452 2617 1532 2738 li¹¹⁵.'·
1553 2616 2252 2775 latitat]lats.t¹l3'.‘t‘t³t;.?.‘’t1¹tt‘t
2265 2643 2340 2763 ¹1⁵⁵?ss

1446 2749 1682 2875 (lippqrpffiprsvit
1701 2752 1775 2811 huno
1791 2758 1891 2813 librom
1911 2761 2049 2819 l‘outsnus
2069 2769 2096 2822 in
2115 2770 2192 2841 epist.
2208 2774 2234 2829 d.
2249 2778 2276 2832 d.
2295 2780 2337 2834 m.

1371 2967 1523 3072 Optimo
1549 2976 1626 3049 viro
1651 2973 1856 3076 Georgio
1875 2984 2015 3059 Helto
2040 2985 2313 3076 Forclssmio

1611 3073 1813 3180 Philippus
1840 3083 2064 3163 Melamhon

1349 3194 1393 3285 S.
1412 3210 1457 3285 D.
1508 3210 1681 3304 Magnum
1704 3234 1738 3291 et
1761 3225 1999 3298 inenarrabile
2024 3256 2112 3322 opus
2127 3233 2194 3307 Dei
2213 3255 2265 3311 est
2281 3269 2335 3314 re·

1348 3337 1429 3382 rum
1445 3316 1585 3388 creatio.
1612 3316 1683 3388 Sed
1700 3325 1812 3395 multo
1830 3326 2003 3398 illustrius
2015 3334 2255 3408 testimonium
2274 3363 2338 3433 est,

1350 3427 1384 3483 et
1405 3437 1477 3482 esse
1501 3414 1615 3486 Deum
1640 3436 1675 3491 et
1698 3448 1781 3493 cura
1805 3451 1885 3496 eum
1908 3432 2042 3517 generis
2067 3428 2212 3507 humani
2228 3446 2336 3533 affici,

1338 3518 1444 3607 *quod
1462 3515 1536 3607 ipse
1551 3542 1623 3587 sese
1638 3538 1730 3593 certa
1747 3552 1849 3612 voce,
1868 3531 1972 3599 certis
1987 3534 2193 3609 testimoniis
2208 3566 2249 3611 ac
2263 3549 2335 3615 mi-

1348 3615 1496 3702 raculis,
1529 3620 1682 3713 denique
1708 3640 1741 3694 et
1762 3626 1854 3696 Filio
1874 3632 1999 3717 misso,
2033 3637 2204 3726 patefecit.
2263 3645 2336 3721 Nec

1349 3741 1433 3785 vero
1448 3719 1577 3790 frustra
1593 3746 1628 3790 se
1642 3728 1821 3813 patefecit,
1848 3731 1909 3799 sed
1931 3739 2072 3821 agnosci
2090 3739 2185 3825 vult,
2209 3761 2245 3816 et
2258 3753 2335 3821 vult

1262 3892 1268 3898 ,
1351 3820 1508 3887 exaudiri
1522 3845 1562 3890 ac
1582 3825 1727 3911 cogitari
1744 3852 1842 3899 suam
1860 3856 1999 3919 vocem,
2024 3838 2103 3906 vult
2118 3865 2184 3910 nos
2202 3871 2335 3938 parere,

399 3984 405 3998 ,
448 3979 699 3998 Μαι-ο·-

311 4154 379 4229 Νο.
395 4153 510 4228 stoa.

321 4246 491 4279 w

1133 4154 1281 4236 (ΜΡ)

1120 4245 1291 4276 Μ

652 4312 710 4431 B.
734 4344 967 4433 Scholiero.
1065 4328 1067 4332 ⁵

407 4506 491 4580 apae.
506 4506 597 4563 naar.
611 4524 639 4577 p.
652 4504 713 4561 us.
732 4503 807 4574 aare.
822 4502 911 4561 tona.
925 4504 972 4561 aa
986 4502 1020 4559 a.
1035 4520 1077 4576 ep.
1090 4506 1173 4573 soon.

450 4659 505 4736 D.
531 4658 874 4732 Bartolomueo
899 4654 1150 4733 Schellero

307 4775 352 4865 S·
379 4793 424 4865 D.
477 4793 663 4883 Ingenium
686 4796 739 4864 tui
753 4789 936 4888 nepotis¹)
952 4797 1042 4866 bene
1059 4792 1148 4866 mihi
1165 4801 1295 4889 proba-

308 4910 376 4965 tur.
417 4893 537 4988 ltaque
551 4895 625 4963 eius
642 4895 758 4963 studia
777 4897 929 4967 libenter
943 4897 1130 4976 adiuvabo.
1181 4898 1293 4988 Spero

306 4998 354 5066 ita
378 5010 622 5086 promoturum
650 5017 741 5078 esse,
766 5010 805 5064 ut
828 4997 928 5066 brevi
950 4998 1019 5066 sibi
1035 5021 1096 5069 sua
1118 4993 1294 5068 industria

304 5111 405 5187 paret
419 5097 562 5170 victum.
613 5092 662 5168 Et
678 5091 768 5165 mihi
785 5119 889 5167 curae
906 5097 993 5180 erit,
1018 5113 1059 5168 ut
1083 5114 1181 5191 pater
1196 5123 1292 5169 surn-

304 5211 368 5286 ptu
382 5200 536 5281 levetur,
561 5222 667 5291 quarn
691 5198 845 5287 primum
868 5200 913 5266 ad
930 5199 1084 5291 aliquam
1100 5194 1293 5271 Scholasti-

199 5288 208 5292 ’
304 5321 380 5365 cam
415 5300 654 5369 conditionem
684 5299 886 5370 adolescens
918 5300 1098 5371 videbitur
1132 5301 1292 5377 idoneus.

307 5520 493 5540 m

336 5630 366 5703 s)
383 5618 487 5689 'aaaron
505 5634 641 5688 nausea.
677 5634 740 5690 vu.
756 5636 833 5707 epra.
848 5636 880 5689 sa
897 5635 1027 5691 saure.
1044 5637 1116 5692 asts.
1137 5636 1165 5691 aa
1180 5638 1226 5692 aa.
1240 5642 1290 5693 a·-
1310 5643 1314 5711 a

370 5715 440 5769 tam,
458 5714 486 5755 et
504 5704 582 5774 epist.
601 5705 628 5758 d.
643 5704 763 5774 strepa.
779 5708 854 5760 15⁴8.
891 5706 1014 5761 Fortasse
1035 5708 1117 5778 igitur
1134 5708 1202 5762 lasse
1216 5710 1288 5763 scri·
1309 5713 1313 5762 Ι

369 5780 414 5842 pte
431 5780 469 5824 est
483 5790 555 5826 anuo
570 5773 646 5826 lats.
1308 5764 1315 5810 ¹

1350 3932 1385 4035 et
1398 3919 1565 3989 beneficia
1588 3925 1702 3995 oblata
1725 3930 1894 4020 accipere;
1921 3958 1985 4004 nec
2011 3938 2097 4007 alibi
2123 3945 2253 4018 colitur
2273 3968 2334 4025 aut

1349 4035 1547 4105 invocatur,
1573 4047 1638 4107 nec
1654 4026 1809 4117 impertit
1824 4031 1962 4104 aeterna
1979 4038 2157 4127 beneficia,
2185 4050 2254 4119 nisi
2270 4055 2333 4124 ubi

1348 4143 1416 4187 vox
1431 4117 1617 4211 Evangelii
1640 4143 1751 4196 sonat.
1800 4128 1849 4201 Et
1869 4159 2083 4229 quamquam
2105 4145 2223 4218 rident
2243 4148 2332 4245 Epi-

1348 4220 1443 4287 curei
1459 4215 1551 4291 hanc
1565 4225 1765 4323 iactantiam
1780 4247 1957 4317 nostram,
1978 4253 2094 4311 tamen
2111 4260 2244 4319 certum
2270 4271 2331 4342 est,

1268 4382 1274 4392 ,
1347 4320 1387 4388 in
1407 4344 1447 4390 eo
1473 4337 1593 4409 coetu,
1618 4328 1681 4418 qui
1706 4347 1807 4403 sonat
1821 4330 2006 4426 Evangelii
2028 4368 2147 4414 vocem
2171 4350 2215 4418 de
2237 4350 2330 4427 Filio

1347 4416 1433 4506 Dei,
1461 4437 1494 4493 et
1516 4427 1636 4496 adesse
1657 4427 1770 4500 Deum
1798 4448 1832 4505 et
1853 4431 1998 4508 heredes
2020 4466 2094 4513 esse
2111 4448 2203 4519 vitae
2217 4470 2330 4527 aeter-

1346 4545 1413 4592 nae
1427 4526 1575 4612 multos,
1601 4528 1696 4600 iuxta
1719 4532 1808 4604 illud
1824 4537 1972 4609 dictum:
1999 4535 2102 4636 Quos
2118 4545 2232 4642 elegat,
2259 4550 2329 4629 laos

1346 4626 1542 4710 eteocovit.
1592 4626 1773 4724 Nusquam
1792 4637 1899 4724 igitur
1913 4657 1995 4712 sunt
2011 4646 2128 4728 electi,
2151 4652 2331 4730 nisiinter
2386 4642 2387 4645 Ἴ

1344 4742 1496 4799 vocatos.
1545 4724 1594 4797 Et
1608 4730 1644 4798 in
1663 4728 1728 4802 boc
1743 4751 1863 4808 nostro
1881 4757 1999 4829 coetu,
2026 4746 2061 4815 id
2080 4752 2184 4820 estin
2201 4780 2327 4829 nume-

1343 4849 1383 4894 ro
1410 4840 1613 4924 vocatorum
1639 4831 1766 4904 electos
1790 4862 1862 4909 csse
1886 4866 2024 4915 necesse
2046 4864 2107 4917 est.
2157 4852 2249 4925 Cum
2264 4886 2328 4932 au·

1342 4938 1412 4994 tem
1428 4928 1563 4996 vocatio
1579 4928 1644 5015 sit,
1669 4937 1797 5007 adduci
1813 4938 2097 5035 adEvangelium
2113 4977 2327 5043 coguoscen.

1341 5025 1445 5142 dum3
1472 5041 1506 5096 ct
1522 5036 1755 5105 necessarium
1772 5055 1805 5111 et
1821 5043 1972 5114 salutare
1987 5063 2037 5117 est
2057 5051 2188 5141 legere,
2215 5067 2327 5133 medi-

1340 5138 1428 5211 tarr„
1456 5131 1615 5202 conferre
1631 5138 1826 5210 doctrinam
1844 5145 2015 5217 divinitus
2032 5156 2213 5244 traditam,
2235 5170 2326 5236 etde

1341 5249 1379 5296 ea
1395 5230 1551 5324 colloqui
1567 5260 1647 5317 cum
1663 5239 1760 5324 aliis,
1788 5250 1982 5334 expendere
1997 5254 2224 5329 admirandas
2246 5290 2326 5335 sen-

1340 5330 1467 5401 tentias
1488 5350 1521 5405 et
1542 5360 1720 5422 enarrare,
1745 5343 1836 5413 sieut
1857 5346 1974 5438 inquit
1992 5350 2138 5427 Paulus:
2173 5359 2325 5438 Habita

1340 5427 1435 5499 inter
1451 5427 1511 5502 vo's
1521 5460 1636 5508 sermo
1645 5432 1791 5509 Christi
1803 5444 2005 5536 opulenter:
2032 5460 2090 5525 sed
2106 5464 2205 5534 addit
2220 5460 2324 5554 idem,

1340 5529 1379 5599 in
1403 5533 1599 5627 sapientia.
1652 5540 1732 5609 Non
1759 5545 1834 5623 vult
1855 5546 1977 5619 ludere
1994 5554 2133 5646 ingenia
2153 5564 2323 5656 lingendis

1372 5780 1403 5850 sq
1421 5781 1541 5834 scrt'bem
1555 5782 1631 5877 alios
1642 5783 1771 5840 videntur
1784 5808 1841 5843 esse
1856 5813 1870 5847 a
1884 5793 2003 5868 Carpere
2016 5801 2159 5877 adscripto.
