5325 6917
263 732 265 735 ’
301 758 363 817 111
810 728 1083 807 ANNALES
1115 726 1300 803 VITAE
1334 729 1468 809 MEL.
1523 733 1654 812 1644.
1708 736 1839 814 1545.

322 841 398 1005 (1⁶9¹,
442 912 582 998 Lipsiam
595 914 791 997 proficiscitur
807 936 878 976 curn
893 913 979 981 Hier.
995 909 1147 976 Schnrliio
1162 911 1200 971 ad
1212 912 1334 993 nuptias
1349 908 1445 976 Ulrici
1462 910 1632 979 Mordisini.

337 1054 399 1125 24.
443 1049 610 1113 Academia
623 1048 766 1111 nonnihil
777 1050 913 1110 turbatur
927 1049 1105 1128 contagione
1120 1047 1317 1128 pestilentiae.

317 1188 401 1257 Nor.

338 1300 397 1363 10,
445 1277 590 1341 Hortatur
603 1273 648 1339 V.
664 1273 863 1337 Theodorum
876 1286 912 1337 ut
925 1270 1057 1336 Lutheri
1072 1277 1321 1362 commentarium
1338 1275 1372 1334 iu
1387 1270 1518 1337 Genesin
1531 1298 1652 1360 prorsus
1666 1290 1811 1359 pertexat.

338 1432 397 1496 11,
443 1407 545 1474 Iustus
559 1405 649 1472 lonas
662 1408 842 1491 Witeberga
857 1432 978 1493 prorsus
994 1409 1119 1471 discedit
1134 1410 1171 1470 ad
1185 1409 1341 1469 ecclesiam
1353 1407 1525 1473 Halensam.

335 1568 395 1630 19,
444 1545 525 1629 Papa
539 1546 646 1607 indicit
662 1548 825 1607 concilium
842 1544 983 1608 Trideuti
998 1544 1169 1605 habendum
1184 1542 1223 1603 ad
1237 1541 1266 1602 d.
1286 1543 1346 1610 16.
1360 1539 1449 1607 lilart.
1472 1544 1579 1614 1645.
1602 1550 1613 1606 ζ

334 1705 397 1765 22,
444 1678 518 1744 Mel.
534 1692 649 1741 enarrat
665 1682 751 1763 epist.
769 1678 859 1742 Pauli
873 1680 910 1740 ad
922 1675 1090 1741 Romanos.
1279 1650 1283 1662 Ι

335 1839 393 1899 23,
443 1813 567 1878 Mandat
580 1812 722 1894 Princeps
738 1810 879 1887 Elector,
906 1827 941 1875 ut
956 1812 1110 1892 Theologi
1123 1808 1368 1891 Witebergenses
1385 1814 1622 1894 complectantur
1637 1811 1803 1873 doctriuam
1816 1771 1974 1894 Evangelii
1993 1815 2104 1895 scripto
2128 1814 2211 1898 quod
2232 1811 2352 1880 Caesari

493 1923 527 1978 in
543 1919 675 1979 comitiis
687 1914 964 1981 Wormatiensibus
977 1917 1054 1978 tradi
1069 1917 1174 1997 possit.
1234 1911 1363 1995 Scripsit
1376 1917 1478 2000 itaque
1494 1911 1673 1978 Melanthou
1693 1956 1714 1987 „
1723 1910 1968 1998 reformationem
1985 1915 2028 1975 W
2028 1919 2237 1992 iebsrgmscm
2245 1908 2282 1997 '',
2314 1934 2351 1982 ut

494 2034 630 2083 vocatur.
1976 2035 1978 2039 '

334 2173 393 2238 25,
443 2153 598 2217 Praefatur
613 2157 647 2214 in
663 2152 825 2214 editionem
839 2146 943 2213 LXX
955 2145 1156 2233 Interpratum
1171 2147 1383 2212 Basileensem.

274 2395 279 2399 ’
305 2302 399 2475 Βῖῗέ,
445 2380 598 2447 Iudicium
612 2383 714 2444 scribit
730 2382 767 2443 de
781 2381 898 2463 synodo
914 2400 931 2440 a
944 2375 1026 2460 Papa
1040 2379 1163 2441 indicta.

333 2514 391 2575 19.
445 2516 624 2600 Philippum
637 2513 864 2595 Landgrarium
876 2527 981 2595 rogat,
1009 2524 1044 2575 ut
1059 2513 1221 2575 intercedat
1234 2533 1290 2595 pro
1305 2508 1542 2591 Baumgartnero
1559 2507 1699 2574 Senatori
1715 2508 1875 2592 Norimb.,
1902 2528 1988 2597 capto
2003 2519 2077 2576 etin
2093 2536 2207 2579 carcere
2221 2530 2350 2583 retento.

336 2648 395 2709 22.
443 2645 561 2712 Iudicat
577 2650 614 2711 de
630 2654 729 2711 usuris
745 2663 774 2711 et
789 2650 826 2710 dc
840 2652 1039 2710 mutuatione.

333 2774 392 2845 24·
444 2783 548 2848 Pastor
563 2788 705 2846 ecclesiae
723 2781 870 2848 Cibiensis
882 2786 915 2844 in
930 2781 1086 2868 Hungaria
1100 2780 1230 2842 consulit
1243 2775 1421 2859 Theologos
1435 2774 1681 2862 Witebergenses
1699 2780 1736 2841 da
1751 2781 1887 2843 doctrina
1900 2783 1937 2844 de
1953 2803 2046 2845 coena
2060 2805 2150 2848 sacra

443 2916 549 2982 Edidit
561 2918 622 2982 hoc
636 2939 715 2980 anno
731 2922 940 2980 annotationes
954 2920 988 2977 in
1002 2914 1185 2998 Evangelia,
1213 2908 1346 2994 Georgio
1359 2910 1434 2975 Helt
1446 2912 1565 2976 dicatas.

443 3051 598 3117 Praefatur
610 3056 644 3114 in
658 3050 815 3135 Rubigalli
828 3050 1075 3135 Hodoeporicou.

1234 3477 1391 3557 ANNO
1429 3478 1561 3560 1645.

328 3605 394 3670 lan.

359 3719 393 3778 1.
446 3719 600 3784 Praefatm
615 3722 648 3780 iu
662 3715 798 3779 Terentii
814 3719 984 3780 comoedias
1000 3739 1017 3779 a
1032 3714 1202 3781 Camerario
1218 3720 1346 3781 edendas
1359 3721 1396 3781 de
1410 3720 1545 3801 legendis
1560 3720 1719 3801 tragoediis
1735 3730 1765 3781 et
1780 3718 1956 3783 comoediis.

359 3843 393 3910 4·
447 3856 589 3938 Princeps
602 3852 724 3915 Elector
738 3855 832 3913 mittit
846 3853 885 3912 ad
898 3851 1144 3934 Witebergenses
1157 3850 1269 3915 Buceri
1284 3858 1429 3936 scriptum
1442 3855 1479 3915 de
1495 3854 1708 3915 reformatione
1722 3856 1871 3915 ecclesiae.

361 3982 394 4047 6.
446 3989 521 4052 Fere
536 3990 565 4050 d.
582 3993 732 4056 6—10.
748 3982 814 4048 Ian.
829 3984 1016 4050 Camerarius
1029 4000 1073 4048 ost
1086 3985 1283 4069 Witebergae
1300 3989 1382 4070 apud
1402 3986 1638 4052 Melanthouem.

212 4194 216 4199 ¹
339 4113 397 4183 14·
447 4124 636 4188 Reformatio
658 4118 919 4201 Witebergensis,
952 4134 987 4182 ut
1008 4133 1149 4199 vocatur,
1180 4118 1408 4183 aMelanthoue
1431 4125 1541 4204 scripta
1562 4126 1692 4187 mittitur
1711 4126 1749 4186 ad
1771 4118 1943 4204 Principem
1956 4116 2072 4200 Eleae,
2103 4133 2133 4182 et
2156 4128 2246 4185 simul
2269 4125 2352 4187 iudi·

499 4230 599 4303 cium,
632 4245 669 4282 an
682 4221 827 4284 Pontifex
842 4220 934 4284 Rom.
950 4224 1031 4304 apud
1044 4221 1200 4285 Caesarem
1214 4224 1397 4287 accusandus
1414 4228 1465 4288 sit.
1556 4211 1560 4219 ’

336 4359 393 4422 16.
447 4357 589 4438 Princeps
601 4353 723 4417 Elector
737 4357 851 4420 iudicat
866 4358 903 4418 de
917 4354 1146 4420 Reformationa
1163 4357 1401 4441 Witebergensi.

446 4490 619 4573 Spalatinus
634 4494 779 4555 monitus.

341 4631 398 4693 18.
446 4624 586 4686 Vocatur
599 4620 778 4685 Melanthon
795 4644 812 4683 a
828 4618 915 4683 Duce
930 4620 1158 4706 Wiirtemberg.

446 4759 572 4823 Enarrat
584 4757 734 4820 Electram
750 4753 924 4840 Sophoclis.

335 4900 396 4962 to.
447 4895 602 4961 Pontanus
619 4894 865 4955 reformationem
876 4855 1054 4974 Witeberg.
1070 4891 1203 4955 defendit
1217 4894 1357 4957 adversus
1371 4890 1519 4957 Electoris
1532 4915 1697 4958 censuram.

339 5030 398 5096 26.
447 5030 574 5094 Enarrat
585 5034 618 5091 in
633 5028 736 5091 schola
750 5047 869 5089 carmen
882 5019 989 5090 loaola.
1006 5023 1212 5096 Cammerarii.

251 5287 254 5293 ·
313 5262 401 5325 Febr.
448 5257 576 5324 Ineunte
588 5257 678 5320 Febr.
694 5255 845 5337 prodeunt
861 5257 1060 5316 enarrationes
1074 5260 1192 5342 aliquot
1207 5259 1355 5318 librorum
1372 5252 1571 5336 Ethicorum‚
1598 5279 1671 5343 quas
1685 5258 1763 5320 dicat
1777 5254 1917 5319 Aruoldo
1933 5254 2077 5320 Burenio.

367 5404 401 5465 7.
451 5393 583 5460 Censura
597 5388 782 5473 Landgrasii
796 5402 825 5451 et
840 5390 904 5449 eius
918 5386 1149 5471 Theologorum
1162 5392 1199 5453 da
1212 5388 1444 5456 Reformatione
1456 5387 1629 5472 Witeberg.

338 5536 397 5599 17.
450 5527 540 5593 Iussu
553 5524 702 5606 Principis
718 5523 965 5584 deliberationem
978 5522 1015 5584 da
1029 5505 1244 5590 instauratione
1260 5524 1464 5589 Ecclesiamm
1480 5528 1570 5587 vertit
1585 5527 1618 5586 iu
1635 5526 1916 5606 linguamlatiuam.
1943 5560 1995 5573 -
2029 5524 2124 5591 Mittit
2136 5529 2300 5589 orationem
2315 5521 2353 5580 dc

501 5627 629 5692 Basilio.

313 5766 405 5831 Mart.
449 5762 577 5828 Ineunte
593 5760 704 5832 Martio
721 5755 876 5840 Theologi
889 5758 1012 5830 Witeb.
1025 5762 1206 5846 respondent
1220 5764 1259 5825 ad
1272 5785 1427 5827 censuram
1440 5759 1636 5846 Landgravii.

367 5902 402 5969 6.
449 5899 605 5968 Praefatur
620 5899 655 5961 iu
672 5893 764 5960 Tum.
780 5889 807 5957 I.
829 5915 957 5978 operum
968 5898 1089 5963 latino„
1104 5894 1245 5961 Lmhffi·
1428 5901 1433 5907 -
1461 5890 1479 5901 ..
