5325 6917
322 659 394 734 651
889 643 1320 724 ttetsronatttJM
1379 646 1488 726 LlB.
1521 648 1586 725 lX.
1641 649 1775 728 1545.
2303 653 2379 732 652

325 834 466 906 ritatem
491 823 626 918 alioqui
648 822 884 915 amplificant,
910 836 1027 893 tamen
1050 815 1119 888 hoc
1141 841 1214 886 non
1230 841 1317 887 con·
1369 818 1468 896 Caes.
1484 820 1537 891 M.
1553 820 1698 892 Vestrae
1719 838 1753 894 et
1775 838 1931 895 statuum
1953 823 2120 917 Imperii,
2149 825 2298 919 quibus
2319 851 2379 917 pe-

327 926 689 1018 cedant,praesertim
709 928 747 993 in
765 919 1315 1003 controversiadortrinae,curn
1368 923 1473 992 titum
1495 939 1530 994 et
1550 925 1728 993 decretum
1764 941 1833 1011 est,
1866 942 1906 996 ut
1935 928 2113 1016 generale,
2149 929 2321 996 liberum
2348 941 2379 997 et

328 1057 448 1107 errore
469 1023 701 1120 Pontificis⁷)
725 1041 926 1106 accusatur,
958 1036 998 1093 ut
1019 1021 1182 1091 Pontifex
1205 1033 1240 1090 ct
1263 1018 1318 1088 sui
1368 1018 1601 1092 christianum
1625 1026 1815 1095 concilium
1839 1030 1877 1096 in
1898 1026 2090 1097 Germania
2113 1030 2379 1113 celebraretur,

327 1132 558 1208 adhaerentes
573 1129 646 1198 sint
665 1128 809 1195 iudices.
1369 1126 1466 1194 etde
1487 1124 1545 1215 pia
1569 1125 1815 1196 conciliatione
1834 1144 2011 1217 ageretur,
2034 1131 2065 1197 si
2084 1127 2271 1200 Romano
2289 1155 2378 1221 pon-

428 1231 508 1305 Etsi
523 1243 640 1300 autem
655 1222 747 1297 hanc
758 1250 876 1295 veram
889 1240 924 1296 et
939 1225 1160 1294 manifestam
1177 1232 1320 1289 senten·
1369 1225 1455 1294 tilici
1473 1227 1750 1316 permittendum
1769 1245 1872 1313 esset,
1898 1231 1989 1299 utin
2005 1231 2276 1300 controversiis
2299 1254 2377 1321 gra-

330 1340 415 1415 tiam
432 1331 637 1422 inscripto,
662 1330 770 1398 misso
785 1330 828 1397 ad
845 1323 885 1397 C.
902 1325 955 1395 M.
970 1325 1153 1410 Vestram,
1176 1322 1319 1391 eludere
1370 1327 1544 1412 cissimis,
1575 1329 1619 1397 ad
1642 1329 1791 1417 gloriam
1815 1344 1849 1399 et
1880 1331 1924 1399 ad
1949 1356 2065 1401 veram
2097 1331 2383 1424 invocationem¹

331 1453 499 1518 conatur,
523 1426 591 1501 boc
608 1443 807 1522 praetextu,
832 1428 933 1521 quasi
954 1429 992 1496 in
1015 1421 1071 1494 his
1085 1423 1216 1494 nostris
1234 1445 1320 1491 con·
1370 1424 1438 1499 Dei
1457 1442 1492 1499 ct
1513 1429 1558 1497 ad
1584 1430 1734 1502 salutem
1758 1432 1956 1500 animarum
1987 1432 2264 1522 pertinentibus
2290 1436 2374 1505 adeo

330 1535 512 1615 troversiis
528 1556 603 1602 non
618 1532 765 1623 sitopus
780 1554 870 1599 nova
889 1528 1090 1617 cognitione
1105 1528 1165 1594 sed
1181 1535 1320 1595 tantum
1371 1529 1584 1622 partialiter,
1610 1532 1682 1600 imo
1705 1532 1854 1616 iniuste,
1879 1532 2090 1604 reclamante
2107 1530 2323 1622 Evangelio
2344 1549 2375 1606 ct

331 1637 586 1718 declaratione,
620 1633 682 1726 qui
712 1632 784 1701 sint
814 1653 870 1699 res
895 1630 1069 1699 iudicatae
1097 1623 1320 1718 superiorum
1371 1632 1553 1702 communi
1579 1627 1766 1702 bominum
1797 1656 1920 1720 sensu,
1952 1637 2185 1725 procederet,
2222 1636 2317 1708 sicot
2336 1637 2371 1707 in

331 1742 528 1816 seculorum
544 1733 718 1828 Synodis,
737 1733 776 1800 in
800 1731 930 1825 quibos
955 1731 1093 1799 easdem
1117 1725 1320 1807 sententies,
1371 1732 1501 1824 scripto
1517 1755 1581 1802 suo
1596 1733 1770 1802 facturum
1787 1757 1822 1802 se
1838 1758 1910 1803 esse
1923 1736 2086 1806 ostendit.

333 1867 423 1939 quae
444 1838 674 1910 continentur
694 1834 733 1901 in
749 1832 967 1901 confessione
979 1843 1097 1899 nostra
1115 1829 1191 1897 vult
1207 1825 1320 1894 videri
1471 1830 1634 1926 Denique
1656 1834 1685 1902 si
1707 1832 1802 1908 Caes,
1820 1832 1874 1907 M,
1889 1833 1931 1908 V,
1956 1861 2056 1905 mens
2078 1836 2217 1908 fuisset
2232 1839 2269 1908 io
2283 1865 2369 1909 ooo.

333 1951 516 2018 damnatas
532 1960 621 2006 esse:
639 1949 756 2006 tamen
771 1928 859 2002 haec
876 1932 987 2002 elusio
1002 1926 1240 2000 commentitia
1258 1938 1320 1999 est.
1370 1935 1536 2005 ventibus
1561 1947 1597 2004 et
1619 1933 1725 2018 alias,
1750 1950 1791 2006 ut
1813 1936 1881 2006 tale
1904 1937 2094 2007 concilium
2113 1939 2365 2026 celebraretur,

334 2047 406 2119 Sed
427 2055 546 2111 nostra
569 2036 781 2106 convincent
804 2057 904 2116 eum,
929 2056 987 2102 eos
1003 2029 1170 2102 articulos
1186 2027 1319 2098 doctri·
1371 2035 1474 2129 qualo
1496 2033 1903 2107 Romoooopootisoxot
1917 2034 2084 2130 Episcopi
2106 2039 2175 2109 diu
2201 2041 2272 2110 iam
2291 2068 2367 2112 mo.

334 2170 402 2218 nae
429 2138 650 2237 pontificiae,
690 2158 778 2229 quos
807 2135 1067 2225 improbamus,
1100 2155 1174 2199 non
1205 2128 1320 2198 soloin
1369 2137 1426 2206 liti
1449 2150 1548 2221 sunt,
1580 2136 1619 2205 in
1647 2162 1718 2231 quo
1741 2162 1805 2208 nec
1827 2140 2056 2210 denomino
2080 2164 2216 2209 eornm
2244 2168 2308 2211 nec
2328 2147 2369 2213 de

332 2251 439 2319 falsos
456 2266 546 2323 esse,
569 2240 631 2307 sed
648 2239 752 2307 etiam
767 2237 964 2326 discrepare
986 2259 1006 2304 e
1023 2232 1168 2303 vetustis
1189 2244 1224 2300 et
1238 2251 1320 2298 rero
1370 2237 1532 2307 moribus
1548 2237 1719 2307 iudicium
1734 2240 1849 2324 ficret,
1874 2235 1967 2307 nibil
1985 2265 2072 2333 opus
2090 2243 2226 2312 fuisset
2246 2246 2370 2314 diserte

333 2346 539 2421 auctoritate
560 2337 797 2430 comprobatis
822 2336 987 2431 synodis.
1037 2330 1086 2404 Et
1109 2332 1213 2402 mulli
1238 2341 1322 2399 suni
1370 2362 1502 2431 ponere
1517 2352 1551 2408 et
1566 2339 1668 2410 toties
1689 2352 1845 2431 repetere
1859 2334 1946 2409 haec
1962 2344 2085 2411 verba:
2116 2346 2308 2431 generale,
2329 2347 2369 2414 li.

333 2447 474 2523 articuli
497 2446 535 2513 in
560 2453 680 2510 nostra
701 2438 919 2508 confessione
952 2435 1061 2505 nullis
1082 2456 1239 2527 unquam
1263 2453 1321 2523 sy·
1370 2440 1496 2509 berum
1513 2452 1546 2508 et
1563 2434 1795 2510 christianum
1812 2443 2002 2511 concilium
2016 2442 2282 2527 inGermania‚
2295 2448 2370 2541 qui-

333 2552 440 2623 nodis
464 2543 597 2636 agitati.
662 2537 801 2609 Deinde
830 2539 860 2607 si
890 2562 979 2631 quae
1006 2549 1161 2605 recentes
1182 2528 1321 2625 synodi
1370 2542 1437 2610 bus
1458 2540 1577 2609 verbis
1608 2563 1768 2632 expresse
1799 2542 1990 2612 discrimen
2020 2546 2253 2634 significatur
2282 2548 2371 2619 inter

334 2652 580 2746 proferrentur
602 2643 770 2711 adversus
793 2640 882 2708 alios
897 2637 1082 2715 articulos,
1107 2649 1225 2705 tamen
1247 2654 1321 2699 non
1371 2641 1612 2733 pontificium,
1628 2643 1790 2733 partiale,
1805 2645 2001 2713 obnoxium
2019 2659 2055 2715 ot
2067 2646 2278 2737 obligatum
2291 2675 2372 2720 ooo.

211 2773 219 2783 ”
334 2767 386 2825 est
403 2747 616 2826 inauditum,
637 2742 675 2810 in
689 2742 867 2835 aliquibus
883 2737 1038 2833 Synodis
1051 2737 1189 2830 aliquos
1204 2734 1322 2823 lapsus
1372 2743 1516 2826 citium,
1548 2765 1588 2811 ac
1607 2742 1780 2830 liberum,
1811 2745 1850 2813 in
1873 2770 1942 2838 quo
1969 2771 2051 2816 vera
2078 2751 2248 2838 cognitio
2276 2751 2372 2821 insti·

334 2853 520 2932 accidisse,
553 2861 627 2915 eta
652 2841 905 2933 posterioribus
933 2839 1077 2933 synodis
1107 2836 1321 2905 emendatos.
1372 2856 1542 2914 tueretur,

334 2955 497 3047 Denique
514 2960 785 3042 quantacunque
810 2956 862 3012 est
875 2939 1103 3034 synodorum
1124 2934 1324 3016 auctorite&
1472 2939 1552 3014 Etsi
1567 2958 1684 3014 autern
1692 2941 1877 3017 Romanus
1885 2945 2049 3018 Pontifex
2064 2950 2178 3019 etiam
2195 2948 2286 3024 haec
2297 2980 2371 3024 ver·

335 3073 454 3130 tamen
483 3055 586 3140 longe
615 3047 842 3117 anteferenda
872 3056 924 3112 est
950 3035 1137 3109 bominum
1177 3035 1323 3130 synodis
1373 3046 1419 3114 bo
1443 3045 1519 3114 sine
1543 3046 1615 3115 ulla
1641 3046 1870 3138 ambiguitate
1894 3051 2025 3139 posita,
2057 3052 2290 3125 calumniose
2310 3059 2368 3125 de-

334 3159 520 3230 manifesta
543 3167 683 3222 aeterna
710 3161 744 3217 et
767 3148 912 3215 immota
944 3142 1104 3211 doctrina
1133 3140 1172 3206 in
1194 3158 1321 3205 arcano
1373 3159 1515 3239 torquet
1533 3146 1915 3219 inoliomoomooiiom
1933 3151 2184 3242 inscriptum}
2203 3154 2249 3226 C,
2268 3155 2368 3229 My,

337 3260 488 3330 concilio
512 3251 647 3321 aeterni
666 3248 775 3339 patris
789 3245 855 3313 tilii
878 3257 912 3313 et
927 3241 1082 3334 Spiritus
1100 3236 1136 3310 S.
1152 3237 1324 3305 immensa
1373 3246 1500 3331 misso,
1525 3261 1643 3318 tamen
1661 3272 1725 3318 nec
1740 3251 1934 3319 obscuritas
1949 3252 2022 3320 ulla
2041 3265 2094 3322 est
2113 3254 2154 3323 in
2171 3260 2313 3342 verbis,
2327 3273 2368 3342 et,

336 3354 507 3447 sapientis
531 3364 564 3418 et
585 3347 825 3416 misericordia
847 3346 985 3414 decreto
1008 3354 1041 3412 et
1063 3363 1127 3433 per
1148 3337 1261 3405 fliium
1282 3359 1323 3404 es
1374 3371 1455 3418 cum
1470 3371 1560 3441 opus
1575 3351 1663 3430 erit,
1687 3347 1763 3419 Deo
1783 3351 1925 3422 iuvante
1939 3351 1986 3421 ita
2003 3354 2225 3426 refutabitur
2239 3360 2301 3427 illa
2314 3384 2369 3429 ca·

337 3458 418 3527 sinu
434 3448 566 3521 aeterni
582 3446 691 3535 patris
705 3445 854 3535 prolata.
1373 3448 1532 3534 villatio,
1554 3463 1595 3519 ut
1611 3475 1687 3520 earn
1709 3447 1849 3523 honesti
1867 3467 1901 3522 et
1914 3478 1985 3521 non
2003 3455 2172 3542 partiales
2191 3460 2287 3529 clare
2303 3462 2368 3529 im·

437 3550 529 3623 Cum
545 3544 750 3637 igitorseiei
767 3541 955 3628 C·M·V·s
978 3565 1100 3612 emsses
1123 3540 1198 3632 pias
1221 3561 1324 3608 mess-
1373 3551 1560 3642 probaturi
1581 3551 1663 3623 sint.
1712 3551 1785 3622 Nec
1805 3555 1929 3623 urbem
1951 3552 2192 3644 Tridentum,
2226 3562 2292 3631 etsi
2316 3561 2368 3632 vel

337 3675 389 3732 tes
410 3667 485 3726 toto
507 3650 593 3721 orbe
615 3659 790 3716 terrorem
815 3643 966 3713 essidois
989 3642 1176 3732 gemitibus
1192 3654 1324 3733 optare,
1375 3649 1569 3722 Germania
1588 3653 1644 3720 vel
1668 3649 1769 3722 ltalia
1800 3656 1932 3723 censeri
1954 3669 2086 3746 potest,
2119 3659 2241 3730 locum
2266 3664 2370 3732 talem

337 3772 380 3831 ut
397 3757 455 3850 pia
470 3769 505 3825 et
516 3749 680 3822 salutaris
696 3745 902 3830 concordia,
922 3743 1069 3814 sublatis
1084 3744 1263 3813 erroribus
1284 3741 1322 3810 in
1373 3754 1488 3822 videri
1507 3754 1675 3821 idoneum
1691 3752 1871 3840 Concilio,
1897 3758 2038 3849 quatem
2053 3759 2191 3839 dooroto
2207 3787 2368 3832 ooovoo.

336 3857 495 3932 Ecclesia
515 3851 738 3932 restituatur,
774 3871 815 3916 ae
834 3859 914 3939 post
934 3843 1050 3915 Deum
1073 3841 1225 3912 maxima
1246 3865 1324 3933 spes
1374 3868 1474 3924 tomo
1493 3854 1696 3947 requirunt,
1718 3880 1943 3946 exponemus,
1998 3909 2001 3916 .

339 3961 386 4031 sit
409 3960 485 4051 piae
508 3950 783 4032 conciliationis,
808 3949 920 4040 posita
944 3946 983 4014 in
1002 3942 1101 4016 Caes.
1118 3941 1170 4015 Μ.
1188 3940 1324 4027 Vestra,
1474 3954 1666 4047 Postquam
1688 3956 1796 4046 igitur
1818 3982 1857 4025 ox
1884 3959 2024 4028 decreto
2049 3957 2088 4031 C.
2102 3959 2154 4033 Μ,
2169 3959 2216 4035 V,
2238 3975 2274 4032 ot
2297 3977 2370 4037 sto.

339 4084 447 4156 quam
469 4081 550 4126 vero
576 4054 702 4123 timore
717 4048 785 4120 Dei
806 4047 942 4120 moveri
957 4068 1080 4117 omnes
1093 4056 1255 4136 sperant,
1278 4065 1323 4112 1¹0
1375 4068 1475 4125 tuum
1494 4053 1640 4147 Imperii
1656 4081 1758 4150 saepe
1770 4082 1847 4148 spes
1863 4060 1967 4128 nobis
1981 4061 2071 4131 facta
2088 4075 2159 4148 est,
2182 4069 2370 4154 generalis,

337 4163 426 4233 velit
440 4156 596 4245 extingui
617 4154 731 4222 lucem
745 4150 920 4233 veritalis.
943 4168 1104 4229 oremus.
1130 4168 1175 4214 sse
1199 4167 1324 4213 esoce·
1374 4156 1507 4224 liberae
1525 4152 1708 4228 christiani
1721 4160 1861 4228 concilii
1876 4161 1913 4228 in
1930 4158 2144 4243 Germania,
2170 4179 2207 4235 et
2224 4191 2294 4238 nos
2309 4193 2371 4239 an·

339 4265 401 4335 dat
423 4258 522 4332 Caes.
536 4255 589 4326 M.
606 4253 650 4328 V.
671 4251 836 4324 Romano
862 4247 1026 4346 Pontifici
1047 4261 1082 4319 et
1103 4246 1170 4337 ipsi
1193 4241 1326 4315 adbae-
1374 4256 1459 4327 xilia
1475 4258 1640 4325 adversus
1656 4257 1847 4329 Turcicum
1866 4260 2077 4355 Tyrannum
2093 4278 2128 4333 et
2146 4266 2187 4335 in
2212 4269 2295 4340 aliis
2309 4296 2369 4340 ne-

339 4363 518 4444 rentibus,
548 4370 589 4427 ut
617 4356 694 4425 sine
720 4377 801 4423 vera
828 4348 1029 4441 cognitione
1050 4350 1261 4430 decernent,
1291 4358 1325 4416 ei
1375 4356 1480 4448 gotiis
1493 4359 1699 4428 obedienter
1713 4361 1894 4446 misimus,
1918 4377 1950 4433 et
1966 4364 2074 4434 altera
2090 4368 2232 4440 atrxilia
2250 4374 2371 4443 adver-

340 4478 477 4536 tantum
500 4482 636 4530 errores
667 4454 939 4526 contumeliosos
959 4452 1126 4520 adversus
1149 4445 1266 4518 Deum
1292 4458 1325 4516 et
1376 4482 1435 4529 ooo
1456 4457 1701 4553 Tyrannioum
1723 4460 1848 4555 spirae
1871 4466 2041 4555 promisso
2065 4466 2228 4540 fideliter
2249 4474 2370 4543 otioso.

340 4566 508 4636 iniustam
524 4558 716 4649 potentiam
731 4554 921 4628 stabiliant.
974 4549 1082 4641 Quod
1097 4550 1127 4620 si
1140 4551 1217 4635 fiet,
1242 4573 1326 4640 Pro·
1375 4583 1435 4632 ros
1457 4584 1521 4630 nos
1537 4563 1764 4653 pollicemur3
1785 4589 1935 4656 cumque
1954 4567 2052 4636 nulla
2075 4568 2171 4641 iusta
2187 4595 2297 4646 causa
2320 4577 2371 4658 sit,

341 4659 499 4765 epictec.
516 4658 569 4732 M.
584 4658 628 4728 V.
654 4682 718 4748 pro
740 4681 801 4729 suo
822 4654 1005 4727 excellenti
1018 4651 1191 4744 sepientis
1213 4651 1324 4722 inuti·
1377 4687 1441 4734 cur
1456 4677 1600 4753 propter
1609 4661 1784 4733 Pontificii
1802 4667 1961 4756 partialis
1974 4670 2119 4739 concilii
2136 4672 2371 4749 indictionem

340 4768 412 4837 lem
427 4761 602 4857 synodum
622 4759 716 4842 fore,
743 4771 776 4829 et
798 4782 872 4828 non
890 4758 1111 4848 profuturam
1129 4754 1174 4823 od
1189 4752 1327 4824 utilite-
1377 4764 1625 4854 aconscriptis
1649 4779 1887 4836 conventuum
1916 4773 2137 4842 recedamus:
2174 4776 2276 4849 bona
2297 4803 2370 4850 cum

339 4861 456 4955 tem⁸)
479 4861 740 4931 restituendam.
1377 4887 1438 4954 spe
1460 4876 1589 4931 etcum
1613 4865 1730 4933 debita
1753 4872 1949 4940 reverentia
1963 4870 2061 4945 Caes.
2077 4871 2132 4947 M.
2151 4874 2198 4946 V.
2221 4903 2371 4964 oramus,

442 4961 553 5036 Multi
569 4961 673 5031 etiam
686 4958 747 5049 pii,
763 4957 823 5048 qui
839 4952 1008 5027 hactenus
1024 4956 1198 5025 desiderio
1215 4966 1250 5021 et
1267 4976 1327 5020 er·
1377 4986 1422 5031 ne
1435 4960 1602 5034 Romano
1611 4962 1776 5037 Pontifici
1793 4964 1878 5040 haec
1894 4973 2045 5043 absurda
2060 4987 2094 5044 et
2108 4976 2262 5073 iniqua,
2288 5007 2370 5077 quae

339 5068 537 5167 pectatione
565 5064 643 5155 piac
674 5057 932 5130 conciliationis
965 5057 1080 5125 studia
1107 5051 1327 5124 vehementis
1377 5062 1542 5147 molitur,
1575 5066 1741 5158 perficere
1779 5073 1974 5161 permittat,
2013 5077 2074 5144 scd
2105 5093 2150 5150 ut
2184 5083 2371 5156 clementer

340 5172 495 5267 partium
510 5162 684 5235 moderati
699 5174 792 5244 sunt,
811 5157 969 5228 frustrati
988 5181 1047 5247 spe
1065 5156 1103 5224 iu
1117 5179 1244 5244 magno
1262 5156 1328 5224 do·
1378 5179 1518 5237 tueatur
1537 5170 1673 5239 dococto
1692 5171 1730 5240 in
1745 5176 1976 5244 conventibus
1993 5174 2142 5266 Imperii
2160 5185 2207 5255 de
2226 5188 2369 5258 concili,

341 5279 417 5348 lore
434 5269 546 5344 futuri
560 5280 684 5339 essent.
735 5261 808 5334 Nec
823 5284 912 5351 opus
935 5259 1057 5329 fuisset
1080 5271 1130 5328 tot
1145 5258 1329 5327 conventi-
1379 5270 1488 5353 facta,
1514 5283 1548 5340 et
1559 5285 1599 5341 nt
1615 5296 1673 5357 ea,
1699 5297 1788 5366 quae
1805 5299 1917 5366 nuper
1932 5275 2057 5367 Spirae
2080 5282 2126 5349 de
2140 5289 2297 5358 concilio
2312 5261 2371 5359 dess

342 5380 429 5463 bus,
469 5368 677 5452 itineribus,
717 5363 897 5436 laboribus
939 5387 978 5432 ac
1015 5359 1330 5431 deliberationibus
1382 5383 1476 5441 oreta
1505 5387 1608 5457 sont,
1639 5397 1714 5443 oon
1745 5377 1963 5445 ominamur,
2021 5378 2115 5449 Nam
2145 5387 2177 5455 δί
2209 5387 2369 5462 Roman„

1381 5469 1547 5542 Pontifici
1574 5476 1839 5554 concederetur,
1885 5477 1958 5545 suis
1991 5483 2211 5571 partialibus
2247 5492 2372 5586 iniquit

1381 5574 1602 5665 processibus
1623 5577 1857 5644 condemnare
1879 5590 1929 5646 tot
1940 5593 2050 5651 status
2066 5599 2101 5655 et
2117 5599 2172 5658 tot
2186 5595 2367 5682 regionum

374 5695 766 5782 7)1¹0nttseaescribendom‚
785 5704 831 5752 sut
843 5711 926 5751 error
941 5713 992 5770 pro
1012 5710 1115 5748 errore.
1381 5668 1560 5755 homines,
1585 5688 1619 5742 et
1640 5688 1747 5744 totam
1763 5679 1997 5764 germanicam
2014 5686 2202 5759 nationem
2224 5693 2369 5766 externis

375 5809 407 5879 3)
422 5800 587 5866 sertorem?
1380 5773 1481 5845 malis
1495 5773 1695 5866 implicare,
1713 5789 1747 5845 et
1761 5777 1895 5851 excidia
1913 5795 1947 5853 et
1960 5787 2178 5863 vastationes
2193 5795 2370 5872 civitatum

338 5583 525 5608 -ν-··“““”·“
534 5581 564 5593 ''
