5325 6917
342 701 419 780 666
660 695 663 705 ’
912 699 1351 780 EPISTOLARUM
1414 701 1525 783 Ltts.
1559 703 1623 779 lX.
1677 701 1809 783 1644.
2306 702 2386 783 664

346 893 381 950 et
406 875 616 949 concordiae
642 875 876 948 conservatio.
943 874 1054 947 Utin
1083 878 1164 948 foro
1189 876 1339 946 utilissi-
1387 900 1494 970 quam
1511 877 1557 946 sit
1573 879 1770 949 taediosum
1785 879 1918 949 versari
1939 879 2034 951 inter
2049 900 2178 970 pueros
2193 889 2248 948 tot
2265 871 2384 966 boras,

346 1004 447 1051 mum
472 991 580 1050 estet
603 978 698 1047 veris
719 978 827 1048 rebus
849 993 883 1050 et
897 979 1017 1048 verbis
1031 1002 1225 1071 congruere
1241 978 1339 1048 iudi·
1387 992 1525 1059 tamen,
1562 993 1603 1048 ut
1634 980 1752 1060 vides,
1772 985 1775 989 ’
1792 976 1912 1051 schola
1945 981 2097 1076 requirit
2129 978 2386 1051 assiduitatem.

348 1107 423 1168 ces,
449 1083 498 1151 ita
517 1081 675 1172 profecto
699 1080 738 1147 in
760 1078 917 1150 Ecclesia
938 1081 1091 1152 salutare
1113 1096 1166 1151 est
1184 1096 1219 1152 et
1234 1080 1338 1150 dulce
1387 1077 1459 1149 Nec
1476 1095 1576 1170 putes
1591 1103 1657 1182 nos
1678 1082 1852 1151 feliciores
1866 1106 1950 1152 esse.
1999 1082 2077 1172 Ego
2096 1107 2190 1153 unus
2207 1096 2383 1175 quantum

347 1186 388 1254 iu
403 1182 572 1254 docendis
586 1179 680 1250 veris
694 1182 807 1252 ¹rebus
823 1182 930 1252 etiam
945 1183 1216 1253 similitudinem
1233 1207 1340 1273 expo-
1387 1182 1545 1253 sustineo
1561 1182 1750 1253 laborum?
1801 1182 1867 1254 Sin
1882 1197 2000 1254 autem
2020 1210 2067 1253 ne
2087 1185 2149 1254 illa
2164 1186 2312 1278 quidem
2329 1186 2384 1256 ol·

347 1285 487 1356 sitionis
501 1281 725 1354 communem
742 1284 967 1355 mediocriter
981 1286 1146 1359 retinere.
1185 1284 1341 1354 Facilius
1385 1278 1546 1375 κονομία
1566 1308 1607 1355 ac
1630 1285 1835 1357 distributio
1860 1310 2048 1376 operarum
2070 1287 2241 1378 placebit,
2273 1294 2383 1380 qnam

337 1387 444 1457 enim
468 1388 609 1476 agnosci
632 1409 687 1455 res
704 1400 871 1477 poterunt
887 1387 1027 1456 usitatis
1042 1401 1076 1457 et
1090 1388 1245 1480 propriis
1260 1410 1340 1455 ver·
1383 1409 1483 1455 nunc
1506 1387 1588 1455 misi
1609 1386 1718 1470 istuc,
1750 1410 1788 1455 re
1811 1388 2005 1459 deliberata
2028 1413 2106 1458 cum
2130 1389 2229 1473 aliis,
2265 1383 2382 1460 habeo

347 1490 405 1560 bis
423 1490 593 1574 traditae,
625 1513 732 1580 quam
758 1490 788 1556 si
810 1490 914 1557 novis
937 1490 1059 1579 figuris
1085 1505 1119 1560 et
1144 1488 1340 1559 involucris
1387 1487 1683 1557 iamadmodum
1725 1492 1950 1558 commodam
1986 1492 2226 1561 conditionem
2263 1492 2381 1567 aliam.

349 1604 529 1682 tegantur,
546 1604 608 1660 aut
622 1590 824 1680 prodigiose
839 1592 1065 1664 misceantur.
1089 1588 1139 1661 Et
1148 1594 1341 1682 sae‘pesunt
1386 1586 1564 1682 Syndicus
1584 1586 1832 1660 Northusanus
1857 1592 1996 1684 quaerit
2022 1592 2095 1662 filio
2126 1595 2380 1683 paedagogum.

348 1694 499 1763 insidiae
524 1693 563 1760 in
583 1693 656 1760 illis
680 1693 893 1777 involucris,
924 1707 966 1762 ut
989 1695 1085 1785 apud
1105 1694 1224 1763 vafros
1240 1688 1340 1760 Ana-
1387 1688 1421 1758 ls
1436 1691 1534 1760 domi
1548 1691 1658 1782 ipsius
1676 1692 1832 1762 victurus
1846 1707 1952 1779 esset,
1971 1707 2006 1764 et
2021 1689 2208 1764 habiturus
2221 1719 2381 1765 mensam

347 1797 533 1887 baptistas:
566 1809 730 1865 econtra
754 1795 976 1866 verissimum
1005 1809 1057 1865 est
1076 1795 1170 1864 illud
1191 1792 1340 1883 Euripi·
1387 1805 1421 1861 et
1443 1795 1652 1863 mercedem.
1709 1793 1831 1864 Posset
1852 1809 1887 1863 et
1910 1799 1948 1863 in
1971 1796 2057 1866 ludo
2082 1797 2224 1888 publico
2240 1798 2380 1891 aliquid

284 1958 288 1963 ,
349 1899 421 1968 dis:
451 1890 647 1969 ἐσθλὸντὸ
662 1892 788 1992 σαφὲς.
1387 1896 1608 1984 praelegere,
1632 1921 1703 1988 qno
1726 1896 1840 1966 filium
1863 1899 2077 1968 deducturus
2097 1911 2158 1972 est.
2210 1896 2284 1969 Sed
2306 1901 2381 1970 for-

449 1996 542 2069 Cum
563 2013 680 2068 autem
700 2000 871 2089 scriptum
888 1998 952 2079 sit,
977 1996 1111 2067 Filium
1124 1995 1193 2066 Dei
1213 2020 1335 2067 ascen·
1386 1997 1488 2066 tassis
1505 1998 1567 2067 illa
1583 1998 1733 2069 servitus
1746 1994 1853 2068 babet
1866 1999 2003 2093 aliquid
2017 2000 2256 2087 incommodi,
2282 2005 2380 2094 quod

267 2089 276 2102 ’
348 2101 459 2185 disse,
490 2115 532 2172 ut
553 2103 649 2170 dona
671 2102 732 2171 det
754 2097 948 2185 Ecclesiae,
983 2098 1147 2169 videlicet
1167 2097 1339 2171 Doctores
1387 2099 1426 2166 in
1448 2099 1564 2169 aliena
1585 2100 1719 2170 familia
1742 2103 1943 2190 degendum
1974 2118 2071 2175 essct.
2131 2100 2229 2173 Duxi
2260 2117 2379 2173 tamen

347 2204 513 2287 idoneos,
542 2227 588 2272 ne
613 2204 922 2287 circumferamur,
953 2215 994 2272 ut
1014 2200 1147 2271 Paulus
1168 2202 1340 2295 loquitur,
1386 2195 1478 2270 hanc
1502 2226 1577 2271 rem
1608 2202 1676 2273 tibi
1705 2202 1969 2293 significandam
1999 2228 2090 2289 esse,
2125 2204 2156 2273 si
2186 2207 2379 2277 anteferres

347 2306 456 2376 variis
470 2305 652 2374 doctrinae
668 2303 893 2476 ven'oro
909 2318 984 2374 toto
998 2317 1159 2395 pectore,
1183 2318 1224 2374 ut
1244 2304 1338 2372 exci-
1384 2302 1531 2372 fortasse
1554 2305 1730 2393 praesenti
1753 2305 1963 2379 conditioni.
2014 2305 2112 2378 Bene
2131 2306 2227 2391 vale,
2255 2322 2290 2378 et
2311 2333 2377 2400 pu-

345 2421 396 2477 tet
407 2407 577 2478 salutares
591 2407 772 2492 doctores,
816 2419 831 2476 t
852 2407 968 2476 studia
994 2406 1189 2476 iuventutis
1204 2404 1339 2497 ubique
1385 2417 1436 2473 tes
1450 2420 1585 2495 partem
1608 2428 1681 2475 esse
1698 2402 1928 2477 humanitatis
1941 2431 2016 2478 non
2032 2416 2230 2502 repugnare
2246 2406 2378 2481 civium

345 2522 444 2598 regat
467 2524 502 2580 et
523 2509 707 2592 defendat,
739 2530 803 2575 nec
830 2506 923 2575 sinat
948 2519 1009 2576 aut
1031 2504 1193 2574 Turcieis
1218 2505 1339 2589 armis,
1384 2505 1569 2580 voluntati.

254 2625 256 2629 “
345 2622 406 2679 aut
421 2608 599 2679 intestinis
614 2607 826 2678 tumultibus
840 2605 951 2674 deleri
967 2603 1159 2692 Ecclesias,
1184 2606 1338 2677 interfici
1598 2638 1620 2698 ᾗ
2126 2609 2329 2707 Philippus.
2372 2651 2374 2655 ·

344 2711 424 2801 pios
444 2711 660 2791 sacerdotes,
695 2722 730 2779 et
753 2707 916 2796 dissipari
939 2702 1097 2791 scholas,
1130 2722 1192 2777 aut
1213 2723 1336 2779 nostra

344 2810 485 2901 ignavia
502 2809 658 2897 extingui
673 2805 862 2899 Evangelii
884 2810 1018 2882 lumen.
1068 2807 1112 2877 In
1136 2811 1242 2880 tantis
1266 2811 1337 2880 im·
1405 2840 2052 2857 ··-·--·-·---·-·-----

341 2913 525 3005 periorum
547 2912 662 2979 ruinis
684 2912 760 3002 ipsa
780 2911 1020 3002 periculorum
1040 2911 1150 2980 moles
1170 2912 1337 2997 ostendit,

342 3009 508 3085 humanis
524 3012 682 3084 consiliis
698 3027 758 3083 aut
775 3012 960 3104 praesidiis
972 3010 1244 3084 EcclesiamDei
1260 3040 1336 3085 non
1383 2979 1579 3109 Q
1993 3060 1998 3071 ‚
2204 3001 2374 3119 Q

343 3118 493 3202 servari,
519 3117 581 3185 scd
596 3116 786 3206 petendam
803 3129 837 3185 et
851 3117 1102 3207 expectandam
1123 3138 1197 3185 esse
1223 3115 1334 3187 aDeo
1895 3129 1900 3144 ¹
1957 3198 1963 3212 Ι

341 3233 485 3290 aeterno
509 3218 769 3301 defensionem,
801 3218 863 3309 qui
888 3217 1033 3309 quidem
1062 3216 1269 3308 pollicetur,
1298 3242 1334 3288 se
1744 3187 1816 3279 Pr
1816 3185 1998 3298 00110110·

343 3322 450 3389 etiam
467 3332 704 3386 senescentem
720 3315 913 3387 Ecclesiam
937 3332 1158 3389 servaturum
1180 3342 1269 3403 csse,
1294 3335 1335 3390 ut
1450 3348 1488 3401 E,
1507 3347 1577 3403 Phil.
1596 3348 1664 3404 Met.
1679 3345 1823 3419 consitiis,
1842 3354 1885 3407 ed.
1905 3356 2027 3411 aPezet.
2045 3365 2083 3428 ps.
2097 3355 2116 3410 1,
2137 3374 2162 3425 p.
2175 3355 2246 3425 579„
2264 3360 2312 3413 ubi
2327 3364 2372 3415 in-

341 3417 467 3491 Esaiae
482 3416 544 3490 46.
570 3418 717 3487 dicitur:
769 3416 843 3505 Qui
863 3419 1049 3507 gestamini
1073 3422 1113 3488 in
1136 3445 1217 3490 meo
1240 3423 1334 3507 alvo,
1482 3419 1625 3472 ,eastun
1651 3420 1750 3474 venus
1759 3422 1831 3477 1111.
1844 3424 1910 3480 Met.
1925 3425 2036 3507 praemi
2049 3424 2138 3479 tuem
2150 3426 2258 3480 enisam
2275 3441 2375 3486 conta

1482 3486 1618 3555 Turrem,
1639 3508 1712 3543 anno
1727 3491 1802 3545 1544.
1838 3492 1885 3546 Est
1900 3512 2078 3564 praemissum
2092 3492 2144 3548 boc
2158 3512 2269 3550 carmen
2282 3496 2373 3553 libro:

343 3545 456 3629 11311119
470 3522 515 3589 ad
533 3533 725 3602 senectam,
746 3518 783 3588 id
808 3532 876 3598 est‘,
903 3535 1121 3591 senescentes
1136 3545 1198 3592 V⁰⁸
1221 3538 1334 3614 8115111·
1485 3555 1697 3629 flodoeporiqon
1719 3558 2127 3635 itinerisconstantinopolitani
2144 3565 2374 3623 auctoreP.Ru-

317 3625 402 3695 bo.
452 3619 529 3711 Ego
553 3622 639 3704 feci,
664 3642 727 3710 ego
754 3621 895 3709 gestabo
918 3636 953 3691 et
974 3623 1117 3693 salvabo
1140 3650 1215 3698 vos.
1266 3625 1334 3696 His
1480 3627 2290 3715 111011011011·111111111111111111111151111111·

341 3725 474 3795 divinis
489 3723 784 3816 promissionibus
808 3723 1006 3793 confirmati
1027 3750 1101 3793 non
1126 3728 1334 3797 abiiciamus
1945 3788 1953 3804 .

341 3829 458 3898 studia
483 3828 667 3897 literarum
689 3821 868 3896 Ecclesiae
889 3828 1103 3911 necessaria,
1129 3830 1189 3897 sed
1217 3853 1334 3919 spere·
1749 3781 2009 3888 (Praesasw')
2020 3903 2024 3910 ,

339 3951 437 4013 mus,
464 3943 498 3999 et
520 3951 722 3997 mansuram
744 3951 817 3997 esse
832 3923 1048 4013 Ecclesiam,
1078 3944 1112 4000 et
1132 3953 1208 4000 non
1232 3932 1334 4002 defu·
1381 3899 1488 3990 Haec
1502 3920 1706 4014 quicunque
1722 3923 1833 4013 10800,
1859 3921 2040 3996 0101101011
2055 3948 2189 3999 0011100
2203 3931 2341 4017 0110100,

340 4046 419 4103 tura
433 4030 467 4099 ei
480 4031 519 4098 in
536 4023 715 4123 aliquibus
727 4028 861 4121 politiis
874 4022 1041 4122 hospitia,
1061 4046 1096 4103 et
1110 4032 1248 4103 labores
1267 4058 1334 4105 no·
1429 4019 2062 4112 1110001000011811180010110501101,
2132 4028 2176 4091 ‘,

340 4148 432 4203 stros
453 4131 652 4225 posteritati
680 4133 895 4222 profuturos.
956 4131 1064 4220 Quod
1090 4134 1195 4205 faciat
1218 4134 1333 4212 Filius
1379 4122 1691 4225 Depl⁰rasavttl⁵a⁵
1706 4151 1725 4195 a
1740 4124 1874 4199 Christi
1891 4130 2036 4199 nomine
2050 4145 2176 4216 terras,

338 4232 425 4321 Dei,
449 4249 608 4307 servator
619 4247 654 4304 et
669 4246 786 4304 custos
802 4231 965 4304 ecclesiae
982 4259 1076 4308 suae.
1370 4238 1374 4244 “
1431 4223 1561 4295 Vivere
1576 4240 1629 4297 tot
1641 4244 1761 4318 gentes
1776 4245 1811 4300 et
1826 4232 1903 4301 sine
1919 4232 1997 4302 luce
2013 4231 2095 4302 Dei:

1381 4322 1620 4423 Arbitriisque
1637 4332 1710 4420 regi
1728 4332 1842 4416 saevi,
1868 4335 2053 4419 sineiure,
2080 4339 2242 4429 tyranni,
2317 4380 2319 4384 ·

1431 4427 1585 4503 Cunctas
1598 4434 1785 4504 aerumnas
1800 4436 2021 4530 servitiisque
2036 4437 2121 4529 pati.

1038 4614 1041 4617 ,
1152 4561 1231 4641 (fere
1246 4565 1332 4647 ha.)
1378 4528 1567 4606 Abstrahit
1585 4530 1632 4603 ab
1649 4536 1750 4604 miles
1766 4538 1903 4629 quoties
1919 4564 1939 4607 a
1956 4553 2066 4609 matre
2082 4540 2254 4629 puellam3

342 4646 514 4677 Μ
1161 4656 1327 4682 Μ
1429 4632 1478 4707 Et
1493 4636 1658 4707 miseram
1671 4639 1796 4728 procul
1811 4639 1848 4706 in
1866 4636 1992 4732 Caspia
2007 4664 2115 4731 regna
2131 4635 2252 4713 vehit?

531 4716 794 4802 Sebastiano
830 4718 1142 4839 (Birnstiel?).
1245 4751 1247 4754 ’
1366 4734 1437 4808 ‘Ab
1455 4739 1591 4830 quoties
1605 4740 1718 4828 patria
1735 4740 1918 4829 pelluntur
1930 4746 2011 4813 sede
2031 4744 2166 4829 coloni,

440 4864 463 4931 ³5
481 4861 518 4913 Ex
531 4878 624 4933 apogr.
638 4859 667 4912 in
683 4858 753 4915 cod.
768 4861 852 4916 Paris.
869 4863 949 4921 121,
962 4865 1022 4920 54³,
1428 4836 1476 4909 Et
1491 4862 1578 4929 vaga
1592 4865 1672 4910 cum
1690 4842 1783 4910 natis
1800 4844 1918 4915 exulat
1930 4845 2003 4937 ipsa
2020 4846 2172 4936 parens?

336 4983 512 5061 Studiose
545 4983 667 5055 iuveni
697 4980 1330 5112 ι3166111110(Βὶτιιε1ἰὶῗ)1),
1378 4940 2155 5131 υῑὸἶῗέἵξῗέΐέιῇῗᾞὲῖἓγὲἰᾞὲἓ[ἰὶἶὲ
2172 5051 2218 5119 da
2292 5079 2299 5093 ⁸
2342 5069 2364 5098 -.
2407 5063 2414 5071 .

388 5125 393 5133 „
459 5087 701 5184 gubernatore
726 5082 875 5159 scholae
901 5089 1199 5188 Herzbergensrsz
2220 5074 2301 5143 pes,

1375 5144 1434 5216 Sic
1452 5146 1558 5216 modo
1576 5148 1756 5219 saevitiam
1771 5164 1846 5221 toto
1868 5174 1953 5241 gens
1969 5151 2120 5222 Turcica
2138 5152 2178 5222 in
2193 5154 2302 5240 orbe,

332 5202 376 5299 S.
397 5225 443 5298 Ι).
492 5225 634 5296 Nollem
651 5241 684 5296 te
707 5225 812 5297 initio
835 5230 1078 5301 contumaciae
1101 5231 1326 5322 significatio·
1424 5244 1574 5319 Exercet
1587 5247 1762 5344 scythicis
1780 5253 1926 5343 rupibus
1946 5242 2025 5324 '0123
2039 5278 2150 5324 suam,

332 5354 415 5399 nem
436 5330 574 5400 civibus
595 5329 666 5400 tuis
694 5330 942 5420 praetexuisse.
1001 5330 1081 5406 Etsi
1113 5335 1210 5406 enim
1240 5339 1326 5420 scio,
1374 5349 1415 5421 Si
1432 5376 1507 5420 non
1521 5352 1681 5423 afficiunt
1693 5350 1833 5444 Regum
1848 5356 1940 5424 mala
1956 5355 2097 5448 publica
2112 5369 2269 5443 mentes,
2339 5431 2347 5448 Ι

1425 5451 1505 5544 Ipse
1522 5467 1640 5524 tamen
1655 5469 1776 5545 tangat
1789 5470 1938 5547 pectora.
1948 5471 2068 5528 nostra
2085 5457 2200 5532 dolor.

1373 5551 1447 5629 Nos
1463 5555 1575 5625 animi
1593 5578 1725 5647 magno·
1737 5558 1907 5628 faciamus
1925 5575 2005 5631 vota
2023 5561 2164 5646 dolore,
2261 5613 2264 5620 .

365 5660 397 5731 ’1)
414 5660 444 5715 Si
457 5661 618 5717 Sebastiano
632 5660 744 5715 Bimstil
763 5662 864 5734 scripta
883 5674 923 5718 est
941 5660 1071 5737 epistola,
1089 5670 1163 5734 (ram
1184 5670 1215 5725 iu
1229 5673 1326 5729 codice
1423 5652 1587 5747 Depellat
1602 5682 1708 5728 vetus
1724 5657 1875 5730 Turcictt
1891 5678 1931 5734 ut
1947 5685 2043 5733 arma
2059 5661 2176 5749 Deu⁸3
2216 5700 2219 5704 ’

398 5730 1327 5873 111111111111111111,1111151111
1372 5754 1726 5851 seminecum
1745 5762 2258 5853 d00s1n2e1umen1n0r1>s

321 5940 326 5955 μ
397 5869 474 5925 1645.
1425 5854 1581 5949 Agnosci
1596 5886 1667 5955 qua
1682 5864 1801 5940 serite
1817 5867 1958 5962 colique
1973 5868 2083 5946 iubet.
