5325 6917
901 739 1057 813 20⁷

906 907 1071 980 usui
1104 908 1256 977 fore
1288 909 1573 1000 patriae.

907 1007 1252 1085 Octobris
1284 1007 1365 1105 ²).

909 1105 1376 1212 σύγγραμμα
1415 1108 1579 1206 περὶ
1609 1116 1892 1207 ψυχῆς,
1958 1137 2166 1206 quem
2213 1116 2501 1206 quidem
2543 1141 2695 1186 non
2731 1141 2893 1187 mo—

908 1217 1082 1287 leste
1107 1216 1256 1291 fero
1290 1214 1520 1283 dicere
1550 1237 1710 1283 suas
1742 1214 2126 1284 sententias
2159 1217 2247 1285 de
2279 1219 2491 1289 rebus
2519 1218 2895 1309 ambiguis.

908 1316 1055 1389 Sed
1116 1329 1391 1385 tantum
1442 1338 1804 1407 aspergere
1847 1340 2009 1385 eum
2056 1319 2347 1402 veneni,
2428 1320 2896 1390 contumelia-

908 1442 1074 1488 rum
1142 1431 1209 1487 et
1275 1418 1787 1488 calumniarum
1857 1417 2144 1506 nollem.
2215 1420 2349 1489 etsi
2413 1417 2549 1490 hoc
2611 1445 2895 1516 quoque

828 1597 831 1600 ,
905 1511 1165 1614 πρᾴως
1210 1514 1436 1613 φέρω.
1557 1516 1710 1608 Ipse
1755 1519 1892 1587 sibi
1944 1520 2298 1589 bonorum
2359 1522 2522 1592 odia
2584 1524 2896 1628 accersit.

908 1617 1007 1692 Et
1036 1623 1478 1712 respondebo
1514 1645 1673 1691 cum
1704 1621 1835 1689 erit
1867 1620 2026 1711 plus
2055 1621 2207 1690 otii.

1822 1748 1874 1833 †
1893 1746 2271 1845 Philippus
2314 1750 2797 1826 Melanthon.”

1675 906 1870 978 Bene
1910 921 1980 978 et
2023 909 2322 979 feliciter
2360 912 2553 997 vale,
2620 913 2736 983 die
2768 916 2893 988 22.

903 2089 1040 2161 Nn.
1070 2084 1296 2159 2784.
2455 2192 2460 2196 ῃ
2578 2105 2696 2165 22.
2733 2094 2878 2161 Oct.

1622 2250 1730 2339 N.
1785 2249 2189 2339 Medlem.

1042 2415 1089 2469 E
1122 2413 1310 2468 codice
1339 2411 1535 2469 Bavari
1568 2410 1692 2464 Vol.
1726 2412 1790 2467 ΙῙ.
1828 2431 1880 2484 p.
1906 2410 2028 2466 339.
2068 2412 2208 2465 edita
2248 2430 2277 2464 a
2306 2413 2702 2487 Zscheichselio
2742 2418 2801 2472 in
2843 2421 2897 2476 d.

1116 2483 1327 2537 Unsch.
1370 2482 1566 2535 Nachr.
1600 2481 1761 2534 1739.
1799 2500 1849 2551 p.
1876 2484 1994 2533 404.
2040 2492 2094 2534 et
2134 2499 2307 2551 nuper
2347 2501 2376 2535 a
2414 2482 2627 2539 Danzio
2671 2506 2754 2558 ep.
2791 2490 2896 2560 23„

1114 2571 1267 2606 nunc
1298 2571 1355 2604 ex
1384 2550 1577 2603 eodem
1607 2549 1730 2603 cod.
1756 2550 2041 2619 descripta.

1446 2684 1861 2761 Nicolao
1910 2682 2351 2759 Medlero

905 2816 997 2903 S.
1050 2828 1141 2901 D.
1248 2824 1724 2895 Gravissimae
1772 2849 1851 2894 ac
1899 2825 2305 2895 verissimae
2354 2850 2597 2897 causae
2645 2831 2894 2899 mode-

859 2939 874 2952 *
902 2931 1114 3001 randi
1144 2931 1374 3000 luctus
1406 2922 1537 2995 hae
1568 2940 1766 3008 sunt,
1816 2928 2005 3017 quod
2036 2927 2294 3012 scimus
2321 2924 2474 2997 Deo
2501 2932 2892 3019 parendum

904 3057 1051 3102 esse
1074 3028 1395 3099 evocanti
1426 3050 1582 3111 nOS,
1634 3026 1892 3095 deinde
1918 3028 2111 3118 quod
2143 3027 2567 3098 discedimus
2596 3033 2684 3100 ad
2719 3057 2915 3102 con-.

905 3134 1352 3203 suetudinem
1387 3125 1661 3198 Christi
1707 3141 1777 3197 et
1818 3128 2149 3196 ecclesiae
2200 3143 2514 3219 patrum,
2580 3129 2888 3224 prophe..
2943 3175 2946 3187 ,

902 3251 1138 3306 mmm
1172 3246 1239 3302 et
1265 3230 1746 3321 apostolorum
1849 3230 2181 3321 quodque
2218 3244 2377 3322 post
2408 3232 2737 3321 exiguum
2772 3236 2889 3304 in·—
2933 3226 2934 3282 3
2987 3185 3231 3255 stituto
3261 3212 3397 3258 usu
3422 3193 3716 3263 retineri
3751 3201 4144 3287 praesentia
4193 3206 4648 3292 sacramenti,
4700 3210 4967 3280 rationi

1513 3290 1518 3295 -
1766 3276 1786 3306 ²

902 3334 1281 3407 tervallum
1315 3333 1573 3399 iterum
1609 3329 2109 3418 complectetur
2140 3353 2304 3400 suos
2331 3332 2649 3425 quisque.
2739 3333 2887 3405 Has

904 3457 1145 3505 causas
1204 3456 1365 3500 cum
1426 3427 1816 3518 cogitamus
1879 3429 2149 3499 lenitur
2209 3432 2437 3505 dolor.
2554 3432 2696 3506 Sed
2748 3437 2885 3507 alia

901 3558 1185 3629 quoque
1232 3545 1433 3615 sunt,
1519 3553 1699 3622 quae
1738 3530 2011 3600 luctum
2057 3556 2206 3601 non
2252 3533 2539 3625 quidem
2583 3537 2885 3624 leniunt,

902 3640 1026 3706 scd
1071 3634 1308 3705 nescio
1353 3633 1712 3725 quomodo
1754 3627 2124 3717 hebetant,
2189 3634 2517 3707 videlicet
2553 3662 2885 3729 praesen.

777 3737 781 3741 ’
901 3740 1082 3813 tium
1118 3732 1563 3803 miseriarum
1612 3738 2058 3823 conspectus,
2128 3734 2492 3825 dissipatio
2536 3740 2883 3830 reipubli-

901 3864 1058 3923 cae,
1142 3836 1548 3928 principum
1601 3834 1911 3918 furores,
1978 3834 2104 3925 qui
2165 3838 2482 3928 quotidie
2540 3858 2880 3916 crescunt.

898 3939 1094 4011 Haec
1147 3962 1305 4008 cum
1354 3935 1625 4025 cogit0,
1684 3948 1898 4005 ⁴tanta
1960 3936 2451 4025 indignatione
2511 3945 2882 4029 accendor,

900 4057 980 4113 ut
1016 4042 1225 4111 etiam
1259 4038 1538 4128 cupiam
1572 4060 1656 4104 ex
1684 4031 1816 4105 hac
1847 4036 1992 4107 vita
2031 4038 2406 4109 discedere.
2505 4038 2604 4113 Et
2644 4057 2881 4115 tamen

900 4144 1215 4214 orandus
1256 4151 1362 4208 est
1395 4136 1627 4217 Deus,
1690 4149 1776 4206 ut
1822 4134 2049 4208 servet
2090 4139 2365 4232 aliquos
2407 4143 2773 4214 doctrinae
2815 4161 2882 4218 et

900 4244 1348 4316 ecclesiarum
1382 4240 1908 4329 gubernatores.
2011 4237 2152 4309 Sed
2194 4241 2255 4308 si
2288 4266 2463 4334 quos
2494 4260 2770 4331 evocat,
2819 4248 2882 4316 si

897 4345 1236 4436 praeripit
1285 4341 1826 4411 adolescentiam
1872 4341 2448 4431 impendentibus
2504 4348 2881 4434 aerumnis,

834 4457 846 4462 ’
895 4450 1076 4516 bene
1122 4468 1280 4514 cum
1322 4444 1466 4510 illis
1498 4442 1609 4531 agi
1644 4442 2141 4513 existimemus.
2241 4443 2361 4515 Sic
2393 4460 2461 4516 et
2492 4444 2737 4518 Esaias
2765 4451 2880 4519 in-

898 4520 1087 4638 quit:
1140 4568 1189 4611 a
1246 4551 1615 4637 conspectu
1666 4539 1861 4611 mali
1902 4539 2281 4636 colligitur
2318 4543 2590 4628 iustus,
2647 4545 2874 4621 disce-

899 4641 1009 4714 dit
1044 4643 1125 4713 in
1153 4665 1366 4739 pace,
1420 4649 1481 4709 et
1517 4640 1815 4738 quiescit
1851 4642 1931 4711 in
1966 4641 2197 4713 cubili
2219 4668 2373 4718 suo,
2429 4649 2593 4743 (les.
2629 4676 2689 4724 c.
2719 4647 2877 4749 5‘6.)

872 4731 1090 4818 'Haec
1117 4746 1350 4813 subito
1382 4743 1662 4833 scripsi,
1731 4768 1893 4813 cum
1939 4746 2025 4813 de
2071 4759 2354 4815 tuorum
2398 4752 2726 4839 periculis
2760 4780 2874 4824 co-

896 4852 1190 4941 gitarem
1251 4857 1616 4936 propterea
1681 4847 1873 4936 quod
1923 4846 2355 4937 suspiciones
2397 4852 2564 4920 satis
2610 4866 2877 4925 atroces

896 4953 974 5020 in
1021 4948 1243 5020 literis
1293 4945 1432 5016 tuis
1475 4945 2014 5035 significaveras.
2116 4945 2196 5017 Si
2229 4972 2269 5018 a
2297 4952 2695 5041 pestilentia
2728 4981 2875 5026 non

894 5066 1000 5123 est
1029 5050 1424 5143 periculum
1458 5048 1644 5137 apud
1682 5070 1839 5131 voS,
1904 5048 2128 5115 filium
2175 5054 2432 5121 accersi
2464 5078 2503 5122 a
2536 5068 2603 5124 te
2637 5058 2874 5131 velim.

894 5153 1254 5224 Hactenus
1282 5174 1441 5220 eum
1474 5148 1771 5231 retinui,
1835 5161 1915 5217 ut
1941 5148 2139 5240 prius
2165 5154 2572 5225 audiremus
2599 5172 2669 5228 et
2700 5162 2871 5251 quid

894 5256 1048 5325 fieri
1080 5254 1256 5322 velis
1290 5264 1358 5321 et
1391 5251 1563 5343 quid
1595 5264 1922 5341 tempora
1942 5249 2325 5342 patiantur.
2426 5253 2618 5329 Deus
2648 5276 2874 5333 aeter.

890 5380 1027 5427 nus
1055 5368 1252 5448 pater
1282 5353 1554 5421 domini
1589 5352 1816 5421 nostri
1846 5349 1902 5424 I.
1936 5350 2015 5422 C.
2052 5362 2152 5439 te,
2215 5368 2284 5425 et
2314 5371 2471 5429 tuos
2504 5376 2732 5435 servet
2759 5364 2874 5434 in-

879 5459 1224 5530 columes.
1325 5456 1448 5528 22.
1480 5449 1778 5525 Octobr.
1818 5448 2035 5526 1543.

904 5632 1086 5644 ...0-

957 5736 1012 5800 9)
1056 5730 1175 5784 Alia
1207 5744 1398 5781 manus
1426 5722 1741 5795 adscripsitz
1776 5744 1927 5779 amm
1954 5728 2108 5787 1543.

960 5813 1270 5938 3)dInspice
1298 5826 1505 5878 quaeso
1533 5815 1636 5863 etc.
1674 5818 1727 5862 et
1757 5826 1896 5880 quae
1921 5827 2254 5887 sequuntur,
2284 5818 2581 5880 Stubertus
2606 5844 2721 5882 non
2746 5827 2871 5883 edi-

1061 5886 1120 5939 it.

2058 735 2946 817 EPISTULARUM

1498 1010 1775 1101 Inspice
1843 1034 2101 1103 quaeso
2133 1007 2192 1107 ³)
2264 1006 2743 1084 Amet-bachii
2804 1013 2892 1088 τὸ
2953 1074 2954 1077 ¹

3048 746 3262 824 LlB.
3324 747 3449 820 IX.
3557 749 3815 830 1543.
4833 766 4988 839 208

3019 916 3150 991 No,
3181 917 3407 993 2785.
4649 941 4767 1006 25.
4802 938 4949 1008 Oct.

3012 1017 3432 1051 Μ
4618 1027 4969 1062 Μ

3605 1101 3698 1191 V
3689 1109 3812 1187 ito
3882 1106 4354 1193 Theodoro.

3132 1278 3289 1334 Edita
3331 1289 3410 1333 est
3449 1299 3572 1352 pars
3610 1281 3770 1337 huius
3811 1284 3963 1356 epist.
4003 1288 4060 1339 in
4100 1284 4325 1345 Peuceri
4361 1300 4517 1347 tract.
4554 1292 4676 1352 hist.
4714 1315 4766 1368 p.
4797 1299 4886 1356 67.
4929 1301 4986 1356 in

3203 1348 3518 1419 Hospiniani
3560 1352 3748 1408 histor.
3785 1366 4105 1411 sacrament.
4148 1357 4218 1413 ll.
4264 1379 4317 1431 p.
4347 1362 4467 1415 322.
4510 1372 4561 1415 et
4594 1383 4624 1417 a
4663 1365 4885 1423 Pezelio
4927 1372 4986 1426 in

3201 1417 3334 1471 Mel.
3377 1419 3581 1474 Consil.
3622 1419 3714 1476 lat.
3760 1422 3822 1478 Ρ.
3851 1422 3891 1478 l.
3928 1443 3984 1505 p.
4016 1426 4133 1480 583.
4180 1459 4252 1468 —
4350 1429 4452 1483 Hic
4491 1430 4700 1503 integra
4739 1437 4885 1493 edita
4924 1458 4986 1495 ez

3203 1487 3518 1558 apographo
3547 1493 3909 1546 vetustissimo
3937 1512 3993 1546 tn
4023 1495 4146 1550 cod.
4170 1495 4397 1552 Monac.
4425 1498 4495 1552 11.
4532 1519 4587 1571 p.
4616 1502 4733 1560 166.

2953 1739 2954 1749 ἵ
3000 1632 3237 1713 Vito
3287 1636 3808 1733 Theodoro,
3896 1645 4182 1721 docenti
4227 1649 4526 1749 Evang.
4576 1656 4654 1726 in
4701 1657 4983 1737 Eccles.

3789 1745 4186 1846 Nor-iberg.

2942 1890 2943 1893 ’
2995 1848 3095 1947 S.
3139 1870 3228 1946 D.
3329 1871 3625 1956 †Mitto
3675 1883 3850 1950 duas
3901 1886 4238 1974 pagellas,
4307 1888 4388 1958 in
4436 1890 4695 1983 quibus
4736 1919 4984 1986 pauca,

2942 2026 2943 2029 η
2998 1987 3067 2042 et
3099 1974 3234 2044 tibi
3266 1991 3468 2046 antea
3504 1996 3706 2067 nota,
3768 1984 3983 2053 recito
4020 1989 4107 2069 de
4142 1989 4589 2078 impositione
4622 2020 4981 2069 manuum.

2998 2072 3138 2144 Sed
3171 2089 3408 2146 tamen
3439 2081 3526 2149 de
3553 2106 3804 2172 magna
3835 2108 3946 2170 re,
4010 2089 4339 2161 videlicet
4386 2097 4473 2161 de
4518 2090 4649 2173 hac
4693 2099 4980 2190 publica

2999 2175 3468 2264 dissensione,
3538 2182 3824 2253 intimos
3869 2190 4168 2276 pectoris
4217 2192 4355 2260 mei
4399 2217 4638 2265 sensus
4670 2200 4769 2267 ibi
4811 2224 4978 2291 ape-

2996 2277 3106 2346 rio
3128 2332 3148 2361 ,
3202 2292 3282 2347 ut
3310 2283 3554 2370 aperui
3591 2309 3795 2376 saepe
3825 2287 4015 2361 alias,
4119 2290 4266 2361 Ubi
4307 2292 4557 2383 legeris
4588 2300 4977 2387 resen-ibim,

2998 2380 3341 2469 quidnam
3371 2383 3503 2451 tibi
3544 2386 3619 2452 in
3656 2401 3961 2457 mentem
3995 2392 4190 2459 venit
4229 2392 4393 2490 περὶ
4420 2400 4550 2489 τῆς
4581 2396 4976 2483 ἐπιθέσεως

2986 2484 3285 2573 χειρῶν.
3392 2481 3621 2571 Quid,
3682 2489 3740 2555 si
3791 2491 4007 2559 semel
4058 2494 4146 2560 ad
4193 2518 4322 2563 nos
4368 2500 4839 2596 expatiarere,
4906 2517 4973 2574 et

2995 2581 3282 2669 publico
3311 2583 3458 2651 ritu
3487 2588 3675 2677 apud
3710 2612 3842 2657 nos
3873 2605 4146 2662 uterere
4163 2593 4241 2662 ?”

3195 2679 3387 2753 Illud
3416 2687 3650 2779 ipsum
3679 2690 3766 2759 de
3795 2692 4005 2761 rebus
4033 2689 4424 2795 Italicis*),
4472 2701 4666 2793 quod
4697 2702 4975 2791 accidit,

2992 2784 3415 2852 metuebam.
3525 2787 3847 2860 Sciebam
3912 2789 4275 2869 horridius
4325 2801 4758 2892 scripturum
4807 2798 4974 2875 Lu-

2992 2873 3276 2950 therum
3309 2910 3523 2977 quam
3553 2892 3787 2966 sentit.
3893 2893 4087 2983 Quid
4123 2900 4311 2969 enim
4351 2926 4529 2994 opus
4556 2905 4695 2975 fuit
4727 2905 4972 2997 largiri

2991 2982 3203 3052 etiam
3237 2985 4134 3084 transsubstantiationem,
4195 3026 4376 3094 quae
4409 3017 4514 3074 est
4541 3006 4701 3075 fons
4733 3005 4967 3078 idolo-

2987 3085 3391 3157 maniarum
3433 3114 3584 3160 non
3626 3096 4076 3185 vulgarium?
4172 3100 4414 3174 Potest
4455 3121 4687 3177 autem
4731 3107 4814 3178 in
4853 3109 4969 3179 in·-

2986 3290 3450 3377 conveniens,
3518 3296 3786 3365 etiamsi
3836 3322 4124 3390 prorsus
4161 3304 4282 3373 illa
4323 3307 4786 3384 deliramenta
4826 3312 4968 3381 tol-

2985 3387 3226 3458 lantur
3255 3392 3357 3461 de·
3377 3394 3771 3482 abiectione
3802 3403 4039 3490 panis,
4104 3405 4190 3473 de
4222 3406 4618 3479 inclusione
4653 3413 4967 3503 corporis

2941 3518 2942 3522 ¹
2983 3505 3319 3581 perpetua
3364 3494 3442 3562 in
3489 3499 3913 3585 accidentia,
3990 3516 4072 3573 ut
4113 3507 4171 3572 si
4219 3507 4412 3596 ligna
4472 3512 4548 3578 in
4604 3513 4964 3584 fornacem

2931 3644 2932 3650 ,
2985 3591 3193 3661 missa
3243 3613 3492 3671 essent.
3593 3596 4031 3673 Cohorresco
4083 3610 4361 3698 quoties
4407 3605 4574 3682 haec
4620 3614 4854 3704 cogito
4896 3629 4966 3687 et

3680 3700 3949 3786 Miror,
4017 3720 4123 3776 tot
4168 3712 4420 3780 seculis
4464 3708 4790 3784 homines
4832 3718 4962 3786 do-
5026 3765 5030 3776 ·

2984 3692 3249 3784 attingo
3286 3697 3578 3773 invitus.

2985 3807 3130 3862 ctos
3177 3820 3326 3865 non
3366 3801 3701 3889 cogitasse
3742 3805 4125 3877 discrimen
4173 3811 4362 3881 inter
4407 3836 4616 3903 agens
4649 3816 4958 3887 liberum

2983 3911 3050 3965 et
3095 3919 3241 3965 rem
3285 3901 3685 3977 animatam.
3786 3901 4112 3977 Christus
4156 3925 4492 4006 tanquam
4537 3938 4752 4005 agens
4784 3920 4963 4021 libe-

2981 4021 3143 4066 rum
3186 4001 3383 4071 adest
3429 4004 3692 4073 actioni
3735 4006 4131 4095 institutae3
4215 4030 4374 4104 post
4423 4017 4776 4088 actionem
4816 4043 4963 4090 non

2981 4101 3135 4167 vult
3166 4123 3310 4170 esse
3347 4102 3658 4174 inclusus
3691 4108 3900 4197 pani,
3957 4136 4106 4181 non
4153 4116 4306 4185 vult
4348 4115 4450 4185 ibi
4491 4140 4564 4185 se
4596 4119 4963 4210 alligatum

2983 4222 3151 4273 esse.
3257 4200 3355 4272 At
3396 4229 3572 4296 quae
3602 4224 3924 4297 portenta
3957 4213 4326 4298 finxerint,
4377 4232 4678 4294 constat.
4777 4218 4959 4292 Cum

2981 4317 3211 4373 autem
3258 4305 3394 4373 late
3439 4324 3858 4397 spargantur
3905 4337 4238 4404 responsa
4265 4310 4626 4405 Lutheri,
4687 4324 4957 4413 perlata

2980 4404 3551 4477 illa-sententiola
3586 4411 3662 4479 in
3693 4408 4092 4498 Helvetios,
4160 4422 4491 4491 accendet
4521 4445 4707 4492 nova
4737 4437 4959 4494 certa-

2978 4506 3195 4575 mina.
3307 4505 3388 4578 Id
3449 4512 3715 4580 nollem
3774 4514 3947 4588 fieri.
3994 4559 3999 4564 -
4061 4517 4453 4590 Foveamus
4509 4522 4957 4596 ecclesiarum

2979 4624 3379 4679 nostrarum
3414 4614 3861 4682 concordiam
3896 4620 4487 4715 qualemcunque,
4549 4638 4618 4693 et
4649 4624 4959 4714 glutine-

2975 4728 3133 4778 mus
3170 4734 3281 4777 eas
3335 4725 3674 4802 quantum
3723 4739 4129 4804 possumus,
4197 4746 4327 4792 nec
4369 4737 4803 4796 ostentemus
4846 4728 4957 4798 in·-

2979 4810 3316 4877 dustriam
3351 4826 3474 4882 aut
3505 4807 3890 4909 δεινότητα
3932 4820 4012 4889 in
4042 4825 4383 4913 augendis
4413 4824 4832 4912 discordiis,
4881 4841 4959 4902 ut

2977 4911 3186 4979 multi
3215 4912 3481 4984 faciunt
3509 4907 3652 5010 **).

3177 5008 3231 5093 †
3258 5013 3468 5083 Aetas
3512 5011 3684 5087 haec
3726 5036 3825 5091 est
3872 5022 4129 5094 infecta
4180 5026 4338 5096 diro
4386 5049 4663 5097 veneno
4709 5026 4956 5101 Satur-

2976 5112 3184 5181 ninae
3233 5128 3300 5183 et
3325 5114 3628 5192 Martiae
3673 5123 4228 5212 coniunctionis,
4293 5143 4363 5199 et
4405 5144 4745 5223 sequetur
4784 5155 4957 5201 con·

2975 5215 3242 5284 iunctio
3280 5218 3359 5284 in
3385 5222 3700 5311 scorpio,
3766 5248 3944 5316 quae
3995 5220 4168 5298 haec
4215 5230 4399 5297 mala
4445 5233 4670 5321 magis
4714 5232 4958 5304 incen-

2976 5318 3129 5402 det,
3190 5340 3268 5386 ac
3306 5321 3532 5391 multo
3578 5322 3813 5394 verius
3844 5349 4038 5397 nunc
4067 5353 4280 5421 quam
4311 5327 4615 5403 Homeri
4641 5346 4961 5427 tempore

3021 5610 3102 5683 *)
3141 5611 3245 5667 Hic
3280 5611 3475 5685 incipit
3511 5612 3734 5683 epistola
3763 5616 3818 5678 in
3852 5618 4002 5675 libris
4030 5620 4203 5678 editis.
4241 5650 4307 5666 -
4373 5623 4615 5695 Epistola
4642 5644 4676 5680 a
4699 5625 4967 5684 fratribus

3109 5679 3306 5735 Christ.
3337 5682 3395 5733 in
3427 5681 3666 5736 venetiis
3702 5684 3767 5738 ad
3805 5688 4105 5743 Lutherum
4143 5692 4340 5763 scripta
4381 5694 4431 5747 le
4468 5694 4578 5747 itur
4617 5694 4677 5748 in
4717 5696 4958 5753 &eken-

3107 5748 3253 5802 dorf.
3282 5749 3401 5804 hist.
3430 5750 3586 5804 Luth.
3623 5750 3690 5806 T.
3720 5753 3807 5808 ΙΙΙ.
3846 5775 3899 5827 p.
3923 5758 4042 5814 401.
4102 5758 4407 5835 Responsio
4481 5761 4663 5817 utheri
4691 5763 4752 5818 iu
4774 5764 4958 5823 Eiusd.

3104 5816 3247 5887 Epp.
3278 5818 3332 5872 d.
3357 5817 3488 5887 idib.
3522 5817 3658 5873 lunii
3690 5824 3843 5880 1543.
4760 5835 4779 5843 ⁶

3037 5895 3134 5967 **)
3171 5898 3499 5955 flicdesinit
3520 5904 3673 5971 epist.
3699 5905 3756 5959 in
3787 5906 3940 5963 libris
3966 5910 4259 5981 impressis.

5006 5593 5030 5680 ‘i'

4988 5897 5030 6010 ξ
