5325 6917
302 592 379 671 627
875 581 1314 662 EPISTOLARUM
1368 572 1478 659 LlB.
1512 586 1577 666 IX.
1630 587 1764 666 1544.
2267 601 2347 675 528

307 783 401 840 stum
426 776 510 832 erat.
566 759 637 831 Sed
660 754 746 829 haec
769 784 851 831 cura
868 785 944 830 uon
959 760 1073 851 tangit
1093 758 1298 829 barbaricos
1349 760 1425 851 ipso
1442 786 1601 832 munere.
1651 759 1705 832 De
1719 764 1800 833 aula
1818 776 1930 833 vestra
1949 790 2024 834 uon
2045 790 2147 838 sumo
2171 765 2265 841 mihi
2284 773 2344 845 iu-

305 865 502 963 principes,
528 863 663 932 alienos
683 858 964 954 aphilosophia,
989 861 1113 950 etscio
1134 876 1168 929 te
1183 859 1298 928 virtu·
1349 862 1494 936 dicium.
1553 861 1657 933 Certe
1688 865 1811 935 literae
1841 866 2013 958 principis
2042 871 2086 938 ad
2109 868 2342 948 Academiam

306 972 351 1043 tis
367 990 469 1037 causa
487 966 578 1034 velle
594 968 637 1035 de
660 967 800 1054 republ.
821 966 912 1034 bene
932 964 1072 1036 mereri.
1122 959 1297 1031 Existimo
1348 961 1527 1055 Lipsi'cam
1548 979 1648 1035 erant
1671 961 1917 1036 honestissime
1939 970 2088 1062 scriptae
2119 985 2155 1041 et
2177 976 2343 1049 contine·

307 1088 443 1153 tamen,
468 1082 631 1137 nostrum
646 1067 827 1150 ordinem,
854 1060 890 1138 h.
904 1089 934 1133 e.
955 1062 1202 1136 scholasticum
1219 1086 1298 1152 gre-
1349 1063 1438 1134 bant
1452 1065 1626 1134 illustrem
1642 1066 1931 1155 significationem
1944 1085 2057 1141 rectae
2076 1074 2274 1148 voluntatis
2289 1106 2343 1153 er-

306 1196 384 1265 gem
400 1183 461 1240 tua
478 1169 647 1238 beneficia
663 1169 920 1257 magnifacere,
946 1181 1050 1260 teque
1066 1180 1164 1255 grata
1178 1178 1297 1234 mente
1349 1186 1390 1254 ga
1407 1166 1596 1256 puritatem
1612 1164 1809 1259 Evangelii.
1862 1168 1945 1240 Ideo
1964 1176 2100 1259 nescio,
2126 1201 2173 1246 an
2192 1178 2240 1250 sit
2257 1183 2343 1255 utile

308 1275 436 1346 colere.
486 1269 541 1340 De
565 1294 621 1338 me
638 1269 780 1361 quidem
805 1264 873 1338 hoc
889 1269 1062 1338 affirmare
1077 1291 1241 1359 possum,
1263 1279 1297 1334 et
1349 1269 1527 1337 adversari
1558 1270 1708 1339 consilio
1737 1273 1780 1339 de
1803 1268 2035 1349 Consistorio.
2092 1275 2166 1348 Nec
2191 1284 2344 1356 arbitrer

306 1380 351 1449 de
372 1371 538 1442 Erasmo
564 1385 686 1441 nostro
710 1365 948 1439 Salveldensi
976 1384 1010 1439 te
1042 1396 1063 1439 a
1091 1369 1196 1438 uobis
1218 1382 1299 1437 tan·
1349 1366 1653 1439 idConsistorium
1670 1387 1908 1464 pugnaturum
1924 1401 2004 1444 cum
2019 1374 2236 1473 Evangelio,
2264 1411 2344 1457 cum

306 1500 414 1574 quam
437 1491 573 1568 patrem
597 1473 709 1562 diligi.
763 1470 872 1542 Mitto
894 1472 961 1542 tibi
986 1473 1148 1561 exiguum
1167 1492 1297 1539 munus
1347 1468 1519 1540 Doctores
1537 1467 1754 1564 Theologiae
1769 1473 1901 1566 Lipsici
1920 1478 1989 1546 sint
2004 1482 2192 1572 praecipua
2215 1488 2345 1560 suffra.

305 1582 349 1651 ad
363 1577 629 1668 significandam
654 1597 767 1643 meam
784 1565 1087 1657 benevolentiam,
1113 1585 1146 1640 et
1167 1574 1210 1640 de
1234 1574 1298 1640 ad·
1349 1571 1405 1660 gia
1428 1574 1468 1640 in
1493 1589 1682 1645 cosenatu
1706 1572 1873 1648 habituri.
1925 1577 1998 1649 Nec
2016 1578 2105 1649 mihi
2121 1584 2209 1657 libet
2227 1594 2343 1683 suspi-

305 1678 449 1765 hortor,
473 1693 515 1748 ut
530 1677 756 1765 astrologica,
784 1701 873 1769 quae
889 1670 1017 1748 Ioach.
1034 1668 1299 1769 Leucopetreus
1349 1676 1468 1743 ciones
1494 1675 1598 1748 alere.
1659 1675 1766 1765 Quod
1796 1678 1826 1745 si
1852 1673 1920 1747 hoc
1944 1696 2125 1771 praetextu
2146 1691 2344 1763 moliantur

305 1785 484 1854 editurum
507 1795 540 1850 te
561 1778 786 1869 significavit,
818 1774 1048 1872 typographis
1072 1778 1199 1847 tradas.
1257 1773 1297 1844 si
1348 1776 1504 1868 aliquam
1522 1780 1781 1847 restitutionem
1802 1803 1997 1865 canonum,
2024 1810 2078 1854 res
2099 1786 2175 1878 ipsa
2197 1806 2232 1862 et
2256 1808 2346 1865 tem-

305 1911 384 1956 meo
400 1884 520 1975 aliquo
537 1884 658 1951 labore
673 1905 748 1949 eam
773 1880 1057 1950 lucubrationem
1080 1878 1176 1946 voles
1200 1900 1298 1945 com·
1349 1902 1434 1968 pora
1450 1880 1655 1964 ostendent,
1681 1882 1768 1973 quid
1786 1895 1918 1970 agatur.
1968 1883 2065 1956 Haec
2080 1889 2345 1981 simplicissimo

305 1986 467 2057 mendari
485 1985 670 2067 studiosis,
694 2006 770 2051 non
788 1982 899 2051 deerit
913 1982 980 2050 tibi
997 2004 1114 2049 meum
1129 1978 1296 2051 officium.
1348 1980 1468 2049 animo
1502 1981 1645 2071 scripsi,
1677 1996 1855 2067 metuens,
1897 2008 1943 2053 ne
1977 1991 2198 2063 adversando
2234 2000 2345 2087 magis

305 2086 409 2160 Certe
432 2088 527 2157 enim
552 2087 743 2156 accendere
775 2084 978 2174 ingeniosos
1007 2085 1051 2152 ad
1083 2081 1297 2170 optimarum
1348 2082 1543 2151 alienemus
1570 2084 1768 2154 voluntates
1791 2086 1960 2161 infirmas.
2013 2088 2110 2162 Bene
2133 2096 2219 2171 vale.
2279 2099 2345 2188 Die

306 2176 436 2261 artium
458 2189 575 2259 studia
599 2210 737 2278 semper
760 2199 907 2255 conatus
928 2209 1025 2269 sum,
1063 2181 1193 2276 quibus
1216 2181 1298 2273 qui·
1352 2184 1409 2258 ts.
1425 2181 1649 2257 Novembris.

306 2295 387 2362 dem
406 2317 462 2361 me
478 2315 619 2384 quoque
634 2312 780 2382 prorsus
795 2288 986 2372 dedissem,
1013 2285 1082 2354 nisi
1098 2308 1154 2352 me
1177 2282 1296 2351 nescio
2134 2298 2172 2371 p·
2188 2300 2243 2377 M⁶

306 2398 403 2489 quod
425 2396 537 2463 fatum
558 2392 789 2484 implicuisset
811 2389 919 2458 nimis
933 2388 1041 2458 variis
1055 2385 1298 2476 occupationi-

305 2499 372 2568 bus
388 2498 445 2566 vel
461 2495 640 2565 aerumnis
654 2493 783 2583 potius.
825 2492 895 2562 Sed
912 2489 989 2560 Deo
1005 2491 1298 2578 obtemperemus,

306 2600 368 2691 qui
382 2600 469 2668 alios
487 2598 530 2665 ad
546 2596 615 2664 alia
630 2615 779 2663 munera
793 2605 907 2665 vocat.

408 2697 509 2768 Eras.
525 2689 635 2789 M.*)
650 2717 863 2783 magnopere
888 2690 986 2783 cupit
1011 2692 1138 2760 excudi
1161 2691 1299 2759 tabulas
1362 2663 1429 2737 ΝΟ·
1446 2660 1560 2738 3⁰75·

307 2800 562 2881 directionum,
587 2818 694 2888 seque
720 2795 937 2864 adiecturum
955 2795 1129 2886 quaedam
1152 2792 1301 2883 pollice·
1818 2874 1824 2891 ⁸

306 2915 376 2976 tur.
427 2899 547 2968 Vellet
571 2897 687 2987 igitur·
701 2921 741 2965 ea
756 2899 801 2965 de
825 2921 863 2964 re
886 2919 966 2963 cum
983 2890 1212 2987 typographis
1234 2893 1301 2982 agi.
1669 2978 1672 2982 y
1765 2871 1937 2960 Etdem.

305 3001 398 3072 Nam
419 3026 500 3070 cum
532 3001 570 3067 in
602 2993 733 3067 scholis
765 2998 838 3067 sint
859 2996 940 3066 usui
967 2995 1128 3080 futurae,
1161 2995 1318 3086 utiliter
1453 3020 2031 3105 mingentem.190,p,115,

306 3103 413 3173 vendi
442 3125 544 3193 posse
573 3102 668 3169 bona
699 3122 778 3191 spes
805 3111 867 3170 est.
925 3095 1051 3167 Sciunt
1076 3092 1301 3192 typographi,
1578 3178 1585 3196 ι
2154 3193 2161 3211 ·

305 3200 534 3275 scholasticos
553 3203 712 3285 libellos,
738 3202 800 3293 qui
824 3200 955 3269 artium
978 3212 1161 3291 praecepta
1185 3199 1300 3268 conti·
1403 3173 1610 3250 Antonio
1640 3177 1964 3305 Lautesbach,
2004 3186 2158 3266 Pastore
2191 3192 2293 3274 Eccl.

305 3322 404 3390 nent,
418 3304 544 3374 excudi
558 3303 742 3373 foeliciter.
769 3300 853 3370 ldeo
871 3302 899 3369 si
910 3296 1105 3370 authoritas
1119 3300 1301 3369 accesserit
1764 3284 1935 3367 Pernens.

306 3420 381 3490 tua,
395 3404 550 3473 obtineri
567 3426 622 3469 res
637 3401 777 3491 poterit.
811 3402 911 3471 Solvi
928 3404 1081 3493 pretium
1098 3427 1160 3494 pro
1180 3403 1301 3470 labore
1351 3390 1397 3478 S.
1422 3411 1467 3487 D,
1517 3411 1565 3485 Et
1581 3417 1688 3487 dilexi
1704 3446 1745 3490 01
1762 3414 2096 3499 animoCellarium
2114 3447 2256 3525 propter
2270 3440 2351 3529 pie.

308 3504 532 3576 describendi
549 3503 679 3571 iustum
697 3514 757 3572 est.
810 3501 950 3589 Quaeso
966 3504 1074 3592 igitur
1090 3506 1219 3589 scribe,
1244 3504 1301 3571 vel
1354 3527 1460 3586 tatem
1487 3531 1521 3586 et
1544 3522 1797 3608 professionem
1822 3524 2009 3618 Evangelii
2033 3547 2068 3603 et
2089 3533 2223 3623 ingenii
2246 3541 2349 3611 dotes

307 3631 371 3700 per
388 3598 623 3675 [oachimum
638 3596 850 3697 Leucopetr.
866 3604 1039 3690 significa,
1065 3607 1150 3696 quid
1169 3608 1212 3674 de
1226 3605 1301 3674 edi·
1354 3619 1526 3709 egregias,
1552 3635 1586 3691 et
1599 3621 1690 3691 bene
1706 3629 1786 3696 volo
1805 3624 2072 3705 honestissimae
2088 3638 2234 3723 viduae,
2259 3667 2349 3735 quae

272 3697 274 3710 ¹
308 3710 407 3779 tione
436 3731 558 3777 earum
583 3707 786 3775 tabularum
808 3700 975 3772 Erasmo
1005 3710 1219 3795 sperandum
1245 3708 1302 3778 sit.
1354 3720 1612 3812 fuiteinupta3
1640 3750 1749 3818 quare
1765 3754 1821 3799 me
1836 3732 1937 3802 valde
1953 3738 2080 3824 pudet,
2109 3743 2270 3810 nondum
2285 3770 2349 3816 vo-

307 3803 505 3881 Ioacltimo
520 3802 765 3904 Leucopetreo
788 3832 853 3898 pro
871 3807 1080 3874 muneribus
1100 3808 1303 3896 missisgra-
1356 3823 1411 3892 bis
1432 3823 1470 3890 in
1495 3824 1567 3891 levi
1588 3825 1703 3896 officio
1724 3833 1957 3919 gratificatum
1973 3860 2056 3912 esse·
2087 3841 2180 3911 x'sed
2200 3846 2349 3915 oblivis-

309 3914 376 3983 tias
391 3928 528 4003 ago,et
546 3912 695 3981 salutem
714 3910 746 3977 ei
764 3924 859 4000 opto.
886 3907 1177 3994 ldib.Novembr.
1196 3904 1305 3979 1544.
1357 3948 1418 3994 cor
1431 3926 1524 3993 inter
1537 3940 1689 3997 caeteras
1707 3937 1963 4025 occupationes.
2016 3938 2150 4012 Verum
2176 3969 2252 4016 non
2270 3950 2353 4018 diu-

1273 4024 1277 4027 ’
1357 4026 1428 4095 tius
1443 4026 1605 4096 differam
1621 4025 1713 4102 hauc
1727 4037 2032 4127 scriptiunculam.

1458 4125 1513 4196 De
1542 4136 1750 4204 ceremoniis
1776 4140 1843 4207 scis
1865 4146 1971 4233 quam
1993 4146 2124 4216 invitus
2147 4149 2281 4221 scribat
2302 4150 2347 4227 D.

1356 4225 1546 4324 Doctor*).
1598 4229 1646 4304 Et
1662 4251 1702 4306 ut
1717 4241 1866 4310 maxime
1884 4245 2032 4316 sormam
2048 4267 2275 4339 componeret
2292 4254 2348 4323 in-

1358 4329 1478 4420 telligo
1492 4331 1531 4399 in
1547 4334 1626 4403 aliis
1642 4340 1846 4427 regionibus
1861 4345 1947 4414 alias
1970 4349 2101 4418 formas
2114 4352 2168 4420 vel
2181 4370 2349 4447 receptas

317 4406 489 4437 νονν
1126 4402 1299 4431 Μ
1631 4437 1639 4452 ·
1824 4446 1832 4462 .

984 4505 990 4520 ⁸
1358 4456 1431 4501 esse
1445 4435 1501 4502 vel
1519 4460 1652 4527 quaeri.
1704 4439 1870 4534 Optarrm
1896 4450 2059 4541 equidem
2083 4453 2158 4522 sine
2181 4459 2349 4547 supersti-

602 4502 661 4588 Α.
689 4500 1026 4587 Εαῑιίθνὸαθῆὶθ·
1359 4535 1456 4605 tione
1487 4540 1701 4611 mediocrem
1732 4570 1804 4615 esse
1835 4548 2106 4623 similitudinem
2138 4558 2351 4648 elegantium

399 4660 894 4735 †E12pogr.cod.Gotb.19⁰·p·
917 4661 975 4714 109.
1358 4641 1650 4734 ceremoniarum·
1708 4646 1779 4716 Sed
1808 4673 1888 4717 cnm
1921 4652 2082 4740 videam,
2116 4682 2195 4728 suas
2214 4661 2350 4754 ‚sitique

1359 4742 1574 4810 ceremonias
1592 4767 1717 4833 magna
1735 4772 1775 4816 ex
1793 4765 1892 4840 parte
1907 4755 2062 4843 placere,
2079 4762 2123 4828 de
2141 4756 2207 4830 hac
2225 4786 2264 4830 re
2276 4787 2350 4833 non

1358 4863 1487 4930 pugno.
1541 4841 1687 4914 Utinam
1704 4846 1800 4921 Deus
1818 4855 1998 4927 doctrinae
2015 4884 2116 4930 verae
2139 4886 2351 4935 consensum

1358 4955 1520 5023 tueatur,
1558 4968 1648 5036 quae
1682 4951 1712 5018 si
1749 4957 1908 5027 manebit
1941 4960 2166 5054 incorrupta,
2210 4979 2350 5059 tempus

1359 5043 1464 5112 etiam
1492 5046 1681 5118 consilinm
1706 5055 1748 5122 de
1776 5062 1986 5132 ceremoniis
2009 5068 2180 5141 ostendet.
2243 5067 2351 5140 Mitto

314 5139 399 5231 Etsi
423 5158 567 5241 malim,
604 5156 648 5225 de
673 5176 751 5222 mea
774 5175 877 5220 causa
899 5175 975 5219 non
998 5151 1112 5220 facere
1137 5165 1307 5244 sumptus,
1359 5144 1427 5217 tibi
1442 5146 1635 5218 editionem
1651 5157 1847 5245 proximam
1865 5161 2044 5245 locorum,
2071 5181 2105 5237 et
2121 5170 2225 5239 mitto
2239 5185 2280 5241 ut
2296 5172 2353 5241 iu-

314 5261 520 5354 praesertim
544 5260 581 5327 in
605 5258 715 5326 rebus
740 5277 814 5323 non
837 5252 1063 5337 necessariis,
1096 5266 1214 5323 tamen
1238 5251 1307 5325 hu-
1359 5249 1450 5334 dici,
1476 5250 1554 5319 viro
1574 5254 1678 5326 docto
1700 5272 1735 5328 et
1755 5260 1833 5351 pio,
1861 5276 1895 5332 et
1917 5279 2018 5355 peto,
2044 5285 2084 5340 ut
2105 5266 2196 5340 mihi
2217 5272 2353 5362 signifi-

314 5365 484 5433 manitate
507 5376 540 5431 et
563 5383 682 5429 amore
702 5373 763 5428 tuo
786 5357 959 5441 delector,
996 5354 1134 5450 tibique
1158 5359 1307 5448 gratiam
1359 5376 1435 5437 ces,
1470 5353 1500 5421 si
1522 5353 1608 5447 quid
1632 5358 1831 5444 inveneris,
1869 5369 1965 5456 quod
1998 5371 2209 5462 displicebit.
2272 5373 2352 5446 Scio

314 5463 429 5537 habeo
446 5447 510 5556 pro
530 5476 588 5531 tua
614 5484 695 5551 erga
720 5485 777 5530 me
800 5458 1068 5543 benevolentia,
1095 5473 1131 5530 et
1150 5484 1214 5551 pro
1239 5455 1308 5530 hoc

1351 2506 1447 2514 ——an
1456 2507 1552 2515 ..ι-ν...-
1563 2509 1581 2515 .-
1588 2510 1625 2516 —-
1675 2510 1704 2516 -.υ
1754 2511 1763 2515 ..
1771 2510 1803 2518 φ..
1814 2511 1817 2515 .
1829 2509 1835 2516 .
1860 2510 1864 2515 -
1879 2509 2099 2524 .-..-—.-....1.-—...-
2111 2518 2146 2525 ,η
2154 2520 2166 2527 -.

544 4151 839 4163 ffl---
865 4151 940 4158 -----
964 4151 1026 4159 ----
1044 4152 1096 4159 --.-.
1124 4153 1186 4162 -->-
1217 4153 1303 4163 -o-——-

311 4155 541 4170 *⁸¹*—

309 4305 508 4385 Nomou.
677 4269 680 4278 ’
1152 4309 1304 4379 navo.

313 4811 475 4894 Clariss.
491 4817 586 4897 viro,
618 4815 764 4907 egregia
781 4810 982 4885 eruditione
1002 4813 1033 4883 c't
1050 4811 1184 4912 pietate
1198 4838 1306 4910 prac-

315 4921 393 4996 dito
416 4918 472 4995 D.
502 4913 710 4989 Antonio
738 4910 1061 5001 Lauterhach,
1085 4911 1306 5026 PostEccl.

576 5014 788 5102 Pirncnsis,
816 5017 936 5088 amico
959 5024 1053 5091 suos

1358 5565 1588 5578 m

321 5654 517 5667 ....-..-..--

1395 5680 1425 5740 *i
1450 5680 1521 5735 Vide
1540 5680 1654 5738 Lutheri
1673 5685 1754 5754 epist.
1776 5683 1974 5745 Lauterbacbio
1992 5694 2121 5764 scriptam
2141 5693 2166 5748 d.
2188 5695 2231 5752 9⁰.
2254 5697 2306 5753 lul.
2328 5708 2354 5755 et

347 5751 377 5824 *)
394 5752 522 5807 Erasmus
539 5747 653 5803 noster?
1027 5738 1032 5750 ⁸
1431 5749 1497 5805 (1.2.
1511 5751 1582 5806 ch.
1600 5751 1675 5808 asts.
2271 5773 2275 5780 .
