5325 6917
299 706 374 781 sat
878 688 1308 770 EPISTOLARUM
1370 691 1481 769 utu.
1514 692 1581 773 lX.
1633 691 1768 770 1646.
2276 696 2357 772 882

300 875 481 949 difficilem
506 893 591 945 esse.
648 863 746 964 ssepi
765 872 832 963 nic
849 868 1112 963 καταστροφῆς
1133 887 1291 936 conven-
1341 861 1535 963 edayye'tea
1556 866 1724 964 afferebat
1749 869 1793 937 de
1813 863 2060 962 Hieronymo,
2091 892 2153 938 me
2174 867 2355 960 placavit.

301 994 378 1063 tus,
405 977 468 1071 qni
486 975 555 1044 suit
575 973 615 1041 in
635 973 725 1042 urbe
739 969 987 1060 Vangionum,
1014 969 1078 1039 etsi
1100 965 1290 1037 Homerica
1341 965 1446 1040 Nunc
1467 968 1570 1037 mitto
1593 969 1777 1059 epistolam
1800 971 1846 1038 ad
1873 970 2019 1040 fratrem
2041 971 2219 1062 scriptam
2259 994 2355 1062 pene

301 1079 397 1154 ὅσσα
411 1077 584 1169 quaedam
606 1073 772 1157 nunciat,
796 1087 914 1143 tamen
935 1085 1006 1142 ate
1020 1068 1171 1141 certiora
1187 1090 1291 1157 expe·
1340 1064 1661 1166 γερμανίζουσαν,
1694 1068 1802 1159 Quod
1818 1072 1849 1139 si
1865 1070 1919 1140 vis
1934 1095 2011 1142 eam
2030 1072 2262 1157 accuratius,
2291 1087 2355 1143 ant

302 1195 372 1257 cto.
421 1177 520 1250 Bene
533 1189 569 1247 et
581 1175 732 1246 feliciter
747 1174 834 1244 vale.
886 1170 954 1243 Dic
972 1173 1032 1246 10.
1049 1168 1201 1260 Augusti
1210 1162 1259 1265 *).
1342 1170 1410 1241 alia
1432 1171 1605 1241 sententia
1626 1171 1752 1252 scribi,
1789 1171 1962 1243 iudicium
1983 1169 2073 1242 mihi
2096 1186 2207 1245 tuum
2233 1174 2354 1264 signi-
2410 1163 2418 1186 ⁸

357 1277 363 1286 '
897 1269 993 1348 Phil.
1015 1267 1241 1345 Melanthon.
1342 1271 1463 1358 ficato,
1485 1286 1579 1344 certo
1595 1273 1646 1342 sic
1661 1273 1793 1359 sentio,
1816 1298 1891 1343 non
1906 1274 1990 1367 quia
2003 1286 2131 1346 natura
2150 1298 2237 1345 sum
2254 1276 2353 1345 mol-

1343 1372 1431 1457 lior,
1464 1375 1525 1443 sed
1549 1373 1632 1466 quia
1653 1374 1727 1444 vidi
1748 1376 1905 1468 exempla
1927 1370 2033 1446 huius
2054 1377 2202 1465 generis
2231 1378 2350 1449 multa

1343 1474 1529 1560 salutaria,
1554 1489 1589 1545 et
1602 1498 1740 1566 possem
1754 1477 1856 1546 valde
1871 1476 1983 1547 multa
1998 1478 2162 1551 recitare.

1443 1574 1562 1645 Hodie
1583 1601 1722 1648 mecum
1743 1577 1876 1646 amicus
1889 1592 2010 1647 noster
2023 1572 2184 1658 δάσκιος
2202 1579 2349 1650 locutus

1344 1690 1410 1746 est:
1438 1678 1500 1771 qui
1524 1677 1653 1766 cogitat
1673 1679 1719 1748 de
1743 1678 1959 1769 profectione
1980 1679 2018 1747 in
2043 1679 2189 1750 ltalicas
2204 1677 2349 1750 Acade·

1342 1779 1443 1853 mias.
1495 1778 1624 1849 Totam
1648 1804 1723 1847 rem
1747 1781 1908 1852 dissuasi.
1957 1779 2065 1852 Mitto
2083 1782 2155 1851 tibi
2172 1795 2211 1851 ct
2225 1774 2347 1851 Late-

578 1869 729 1953 Iotwit·
762 1866 1021 1955 Camerario.
1345 1877 1446 1948 rensi
1474 1880 1628 1972 picturas
1657 1881 1772 1969 nostri
1801 1882 1943 1973 oppidi,
1972 1906 2035 1952 seu
2061 1883 2189 1974 potius
2217 1877 2349 1978 κώμης

369 2030 456 2104 epta.
468 2027 502 2083 ra
518 2026 656 2084 canem.
673 2045 700 2099 ρ.
714 2026 766 2080 sn
783 2046 824 2099 n,
849 2024 903 2095 (ea.
917 2023 1005 2079 rnna.
1020 2021 1069 2078 us.
1086 2021 1135 2077 tv.
1154 2040 1197 2093 ep.
1211 2023 1293 2093 sess.
1343 1976 1527 2076 dantque.
1578 1980 1688 2072 Spero
1705 1995 1823 2100 tamen
1837 1983 2027 2102 V²r⁸³⁰¹¹¹⁰ff
2040 1984 2148 2055 vobis
2166 1985 2345 2077 voluptati

1345 2083 1432 2158 fore.
1481 2081 1579 2152 Bene
1596 2084 1685 2158 vale.
1738 2080 1861 2155 ldrbus
1876 2082 2036 2173 Augusti.

1903 2181 2302 2278 PhilippusMelanth.

303 1675 371 1750 No.
388 1672 503 1749 3248.

1128 1682 1186 1743 to.
1200 1672 1284 1754 Aug.

309 1770 482 1803 som
1115 1763 1288 1792 som

304 2175 531 2258 Clarissimo
555 2178 632 2249 viro
654 2173 856 2250 eruditione
881 2186 913 2247 et
938 2175 1067 2245 virtute
1086 2171 1297 2272 praestanti

303 2280 463 2360 Ioaele.
480 2275 715 2356 CamPab.
737 2281 856 2350 amico
881 2287 913 2347 et
930 2276 1058 2376 fratri
1079 2276 1294 2349 suocariss.
1624 2350 1634 2367 ,
2024 2354 2033 2372 ,
2152 2354 2207 2372 ‚‚
2335 2357 2345 2374 ,

1444 2343 1523 2438 Ago
1545 2363 1673 2439 gratras
1686 2347 1763 2420 Deo
1783 2364 1925 2422 aeterno
1944 2366 2035 2444 patu
2048 2351 2208 2424 Domrnr
2232 2370 2345 2427 nostre

304 2416 347 2507 S.
373 2430 419 2507 D.
468 2430 621 2502 Litteras
655 2423 781 2497 Scinri
806 2420 971 2494 Alesiam
1002 2424 1068 2493 tibi
1099 2423 1294 2493 reddidisse
1345 2446 1424 2520 1esu
1441 2445 1592 2535 Christi,
1626 2453 1721 2543 quod
1743 2447 2060 2551 Hieronymum)
2082 2456 2239 2546 coniugi
2263 2481 2341 2527 ,me

304 2560 419 2629 ⁸9³⁰·
468 2525 722 2624 cumquehefl
737 2529 781 2597 ³d
798 2522 1002 2610 Sabinam,
1027 2537 1161 2642 {²²le
1184 2518 1295 2592 habe·
1345 2565 1379 2620 et
1405 2551 1527 2620 liberis
1547 2552 1721 2637 restituit,
1754 2567 1787 2624 et
1815 2577 1957 2645 precor,
1988 2568 2029 2625 ut
2051 2579 2120 2625 nos
2154 2560 2346 2647 gubernet,
2388 2567 2397 2576 ‘

304 2660 382 2709 rem
394 2632 638 2714 tabellarium,
659 2628 785 2719 scripsi
800 2642 841 2697 ut
853 2625 928 2693 filio
943 2639 1005 2696 tuo
1017 2625 1206 2713 significet,
1217 2649 1294 2692 ma·
1339 2676 1428 2721 ,nam
1444 2648 1535 2721 mihi
1551 2653 1758 2745 impendent
1774 2656 1860 2725 novi
1874 2653 2027 2755 ,afim

305 2754 397 2811 trem
425 2735 640 2804 incolumem
670 2752 761 2812 esse,
794 2740 829 2797 ct
848 2727 1023 2817 peperisse
1045 2726 1170 2798 filium.
1230 2724 1294 2808 Te,

307 2850 481 2935 quantum
494 2855 637 2926 possum
651 2854 735 2907 oro,
760 2843 801 2898 ut
814 2828 1012 2897 valetudini
1026 2823 1293 2896 honestissimae

307 2937 468 3028 coniugis
497 2949 578 3005 tuae
601 2930 790 3020 diligenter
809 2929 982 2998 consulas.
1039 2925 1156 2997 Deum
1188 2928 1294 2997 etiam

306 3056 488 3114 aeternum
511 3048 647 3127 patrem
670 3031 808 3101 domini
828 3030 942 3100 nostri
964 3028 1041 3099 lesu
1057 3025 1190 3100 Christi
1214 3054 1295 3120 pre·
1354 3018 1421 3088 No.
1436 3017 1549 3092 5250.

307 3168 388 3228 cor,
413 3153 454 3212 ut
476 3152 512 3209 et
523 3135 627 3207 Publ.
641 3132 856 3216 Ecclesiam,
888 3145 922 3201 et
948 3144 1044 3201 tuam
1067 3131 1294 3200 domesticam
1345 3114 1556 3148 sem
1670 3219 1678 3236 ·
2017 3222 2025 3239 .

307 3256 433 3316 servet.
476 3236 643 3310 Arbitror
655 3259 721 3304 nos
736 3229 867 3303 habere
884 3233 1078 3302 crebriores
1093 3231 1294 3300 tabellarios
1617 3213 1775 3300 Etdem
1806 3215 2061 3304 Camerarto.

308 3348 354 3416 ad
375 3344 474 3411 littus
495 3336 690 3419 Balticum,
716 3359 822 3427 quam
845 3347 889 3407 te,
945 3331 1066 3422 Quare
1087 3332 1119 3400 si
1139 3333 1225 3424 quid
1249 3333 1292 3399 ad
1396 3352 1481 3425 Epist.
1496 3353 1529 3408 nt
1542 3353 1681 3411 cameras.
1693 3376 1722 3429 p.
1734 3359 1784 3413 525
1796 3333 1855 3431 eqd.
1869 3358 1923 3428 (ed.
1938 3359 2029 3416 tend.
2041 3360 2089 3417 nb.
2104 3360 2158 3418 tv,
2177 3382 2207 3436 p.
2219 3364 2304 3435 6754

309 3443 474 3518 Sciurum
491 3435 684 3526 scripturus
701 3457 754 3513 cs,
780 3434 884 3502 nobis
898 3435 1038 3503 mittere
1053 3433 1195 3524 poteris.

411 3539 464 3611 De
486 3538 530 3606 iis
555 3537 661 3606 rebus
686 3536 730 3603 de
754 3534 883 3625 quibus
905 3558 1020 3626 nuper
1035 3535 1178 3625 scripsi,
1205 3557 1295 3627 quae
1350 3494 1423 3567 Vll
1423 3520 1445 3566 ⁰
1478 3494 1615 3595 ⁰P¹lm⁰
1647 3507 1756 3597 ‘'iil“
1789 3496 1934 3619 lel'lis·
1966 3499 2022 3573 D·
2051 3502 2348 3603 Hieronymo

311 3647 356 3717 sit
377 3666 454 3712 mea
468 3639 650 3721 voluntas,
674 3658 764 3728 quae
779 3635 971 3711 sententia,
998 3657 1088 3726 quae
1104 3657 1199 3726 spes,
1220 3659 1295 3704 non
1584 3588 1779 3670 ΟΜΝ
1791 3625 1861 3672 '⁸⁰
1885 3597 2094 3700 Faberius

310 3746 440 3840 opinor
453 3743 558 3829 longa
572 3734 904 3808 commemoratione
925 3735 1017 3826 apud
1045 3746 1079 3803 te
1099 3731 1189 3804 mihi
1208 3759 1298 3828 opus
1347 3713 1392 3803 S·
1414 3725 1460 3803 D.
1512 3726 1594 3799 Scio
1609 3755 1672 3801 vos
1689 3756 1728 3802 ea
1741 3734 1930 3825 sapientia,
1946 3733 2014 3807 Dei
2028 3739 2223 3828 beneficio,
2238 3766 2346 3835 prae.

311 3872 397 3921 esse.
433 3842 696 3937 συκοφαντιῶν
711 3830 753 3910 di
770 3833 816 3909 οὐ
834 3828 983 3931 σφόδρα
991 3831 1090 3927 μέλει
1103 3831 1189 3929 μοί,
1212 3862 1298 3929 quas
1348 3830 1442 3902 ditos
1466 3852 1555 3913 esse,
1580 3845 1615 3902 et
1636 3832 1685 3903 ita
1702 3857 1771 3904 usu
1792 3848 1827 3904 et
1848 3837 1954 3907 rebus
1970 3842 2102 3931 asperis
2119 3845 2345 3934 exercitatos,

311 3963 347 4021 et
368 3946 508 4033 retegit,
541 3956 576 4012 ct
596 3942 898 4031 refutattcmpus.
962 3936 1044 4009 Scio
1067 3960 1134 4007 nos
1155 3939 1194 4007 in
1215 3938 1298 4008 odio
1349 3945 1390 4002 ut
1410 3954 1511 4023 saepe
1532 3935 1756 4028 multumque
1777 3936 1953 4027 cogitetis,
1978 3942 2022 4010 de
2044 3942 2139 4014 vitae
2162 3940 2346 4020 humanae

311 4073 406 4133 esse,
431 4057 576 4137 propter
598 4041 841 4133 qualecunque
862 4038 1020 4108 studium
1044 4063 1146 4109 verae
1167 4040 1300 4110 doctri.
1349 4032 1518 4119 miseriis,
1551 4035 1594 4103 de
1610 4061 1731 4106 earum
1750 4039 1880 4109 caussis
1901 4053 1936 4110 et
1958 4042 2147 4119 levatione.
2199 4044 2343 4120 Harum

313 4175 397 4231 nae,
418 4149 458 4217 ¹ac
474 4145 543 4214 iarn
557 4142 645 4213 olim
660 4141 709 4210 ita
724 4139 849 4210 induxi
867 4139 1046 4225 animum,
1066 4153 1105 4209 ut
1120 4135 1204 4210 haec
1218 4143 1299 4210 odia
1351 4132 1446 4203 enirn
1469 4158 1587 4204 rernm
1613 4138 1848 4210 consideratio
1872 4154 1907 4210 et
1930 4143 2080 4234 aspectio
2103 4169 2235 4238 magna
2261 4174 2344 4242 pars

314 4255 494 4323 moderate
509 4261 544 4316 ct
557 4244 714 4314 modeste
728 4243 820 4312 terre
835 4241 1060 4312 decreverim.
1099 4239 1196 4311 Bene
1212 4244 1301 4327 vale,
1351 4248 1403 4305 est
1425 4235 1637 4327 sapientiae,
1673 4253 1708 4309 et
1735 4242 2345 4323 bonismentibusnecessaria<231⁴

2183 3038 2245 3099 18.
2265 3030 2352 3115 Aug.

2164 3120 2348 3153 “a

315 4356 373 4425 die
387 4352 434 4427 X.
447 4346 610 4439 Augusti.

875 4439 1064 4537 Philippus
1081 4440 1255 4519 Melanth.

1136 4781 1196 4843 18.
1209 4771 1292 4856 Aug.

1126 4864 1299 4894 Μ

315 4762 509 4898 Q.

725 4964 894 5055 Eidem.

386 5116 472 5188 Epist.
485 5112 519 5170 sd
532 5112 670 5167 Camenas.
687 5129 715 5182 p.
729 5108 781 5164 624
791 5126 833 5180 eq.
853 5107 906 5177 (ed.
921 5109 1012 5163 Lond.
1027 5109 1074 5165 tib.
1087 5110 1135 5168 Ν.
1153 5130 1197 5184 ep.
1208 5112 1288 5184 bib).

319 5246 544 5328 Clarissimo
563 5248 657 5333 viro,
683 5240 886 5317 eruditione
906 5252 939 5317 et
956 5244 1084 5318 virtute
1096 5250 1309 5345 praestanti

362 5350 392 5426 I
397 5347 604 5426 oachimo
629 5340 751 5425 Cam.
775 5343 871 5423 Pae.
896 5348 1016 5420 amico
1039 5373 1108 5421 sno
1134 5349 1263 5429 cariss.

319 5469 365 5564 S.
390 5483 437 5561 D.
499 5482 691 5555 Succensui
715 5486 772 5577 τῷ
794 5475 1062 5579 σταυροφόρῳ,
1099 5490 1195 5580 quod
1229 5489 1306 5562 sine

320 5588 408 5658 meis
421 5586 549 5656 litteris
563 5585 607 5655 ad
624 5596 657 5653 te
671 5585 848 5673 profectus
862 5598 923 5657 est.
963 5583 1033 5657 Sed
1048 5587 1207 5673 rediens,
1221 5592 1304 5682 quia

353 5837 385 5909 ¹¹)
403 5837 465 5893 Atia
479 5854 573 5892 mnne
584 5834 727 5908 adscripsit
737 5852 801 5891 ann.
816 5834 892 5888 1545.

1351 4336 1456 4407 Scitis
1478 4348 1719 4431 autemsaepe
1750 4342 1962 4414 calamitates
1984 4345 2235 4437 indignatione
2266 4355 2345 4423 ani-

1352 4461 1510 4523 morum,
1534 4461 1574 4507 ac
1590 4440 1794 4511 durioribus
1806 4445 1962 4514 consiliis
1975 4450 2195 4536 exacerbari,
2220 4468 2345 4525 contra

1342 4562 1436 4609 mero
1451 4538 1576 4620 leniri,
1602 4565 1683 4610 cum
1704 4566 1779 4612 non
1796 4544 1904 4616 nimis
1917 4541 2142 4620 vehementer
2163 4576 2344 4647 repugna-

1353 4662 1444 4712 mus.
1501 4638 1561 4712 Sic
1583 4640 1677 4711 inter
1707 4665 1743 4711 se
1765 4647 1935 4715 contrarii
1962 4650 2166 4721 coelestium
2198 4658 2345 4729 orbium

1353 4754 1489 4827 motus,
1520 4759 1721 4834 congruunt
1750 4758 1883 4833 tamen,
1914 4750 1997 4848 quia
2015 4752 2245 4846 rapidissimo
2269 4785 2347 4831 mo·

1354 4842 1425 4927 tui,
1450 4842 1539 4911 alter
1553 4843 1775 4935 obsequitur,
1802 4847 1867 4917 etsi
1882 4849 2009 4920 leniter
2023 4870 2214 4944 repugnat:
2241 4884 2346 4954 prae·

1355 4942 1456 5032 cipue
1471 4966 1554 5012 vero
1570 4942 1608 5013 in
1624 4945 1818 5017 liberorum
1834 4965 2035 5022 nostrorum
2049 4956 2191 5028 casibus
2207 4961 2346 5055 aliquid

1356 5044 1399 5112 dc
1424 5056 1545 5114 nostro
1570 5043 1669 5131 Iure,
1694 5060 1729 5119 et
1751 5049 1795 5118 de
1817 5050 1961 5122 duriore
1984 5058 2157 5128 sententia
2183 5061 2348 5155 ipsorum

1355 5143 1552 5217 infirmitati
1575 5149 1839 5220 concedendum
1862 5167 1933 5234 est,
1965 5179 2033 5248 qua
2057 5158 2103 5228 de
2126 5184 2165 5230 re
2182 5167 2348 5257 exempla

1354 5246 1466 5317 multa
1490 5271 1765 5323 commemorare
1785 5275 1921 5343 possem
1945 5255 1984 5324 in
2003 5270 2184 5354 utranque
2199 5281 2348 5355 partem,

1356 5346 1420 5417 ubi
1434 5347 1511 5417 vidi
1530 5350 1682 5421 leniores
1703 5355 1895 5427 sententias
1915 5356 1996 5425 totis
2010 5359 2158 5432 familiis
2172 5368 2349 5440 salutares

1354 5448 1482 5531 fuisse,
1515 5452 1652 5541 asperio
1681 5477 1737 5523 res
1758 5480 1842 5525 vero
1865 5458 2056 5529 admodum
2080 5464 2223 5538 auxisse
2244 5472 2350 5543 mala.

1356 5547 1508 5620 Memini
1524 5550 1710 5643 Tubingae
1731 5553 2024 5632 Iurisconsultum
2040 5560 2237 5644 Doctorem
2254 5564 2349 5645 Car-

1387 5846 1417 5915 *J
1435 5846 1688 5918 Brnmgsrtnerum.
