5325 6917
355 713 431 768 vm
960 691 1240 769 lausans
1267 690 1456 768 visan
1483 691 1616 771 unu.
1670 634 1805 769 rste.

363 810 456 975 mg?
495 869 569 935 Met.
584 868 729 953 Philippo
743 867 936 953 Landgravio
950 872 1096 954 affirmat,
1122 872 1295 939 Lutherum
1308 893 1391 953 non,
1417 887 1452 937 ut
1467 873 1635 956 ferebatur,
1661 877 1699 937 de
1711 876 1844 958 digamia
1857 875 1974 961 aliquid
1989 877 2125 939 seribere,

360 1008 451 1178 Αρῗ
496 1082 651 1145 Praefatur
665 1085 699 1141 in
711 1077 795 1162 Nopi
810 1085 961 1143 axiomata
975 1086 1131 1163 religionis
1148 1106 1165 1145 a
1180 1081 1290 1175 Matth.
1307 1078 1430 1145 Collina
1445 1081 1535 1144 edita.

414 1219 446 1280 8·
497 1216 595 1281 Adest
616 1211 833 1295 hledmcnnus,
859 1220 974 1296 legatus
995 1214 1142 1300 Archiep·
1162 1215 1371 1293 Coloniensis‚
1407 1228 1437 1277 et
1458 1220 1554 1297 petit,
1580 1229 1615 1279 ut
1629 1214 1820 1280 Melanthoni
1844 1222 1901 1280 iter
1924 1218 1962 1278 ad
1987 1215 2263 1301 Archiepiscopum
2278 1222 2408 1299 permit—

550 1332 639 1378 tatur.

392 1455 449 1515 10.
498 1452 640 1532 Princeps
656 1448 777 1511 Elector
791 1447 983 1513 Melanthoni
996 1468 1197 1517 commeatum
1213 1455 1280 1533 dat,
1306 1458 1395 1536 eique
1410 1455 1504 1514 mittit
1518 1454 1662 1513 viaticum
1678 1465 1800 1515 centum
1814 1455 1999 1515 florenorum
2021 1436 2051 1514 et
2065 1456 2189 1514 comites
2203 1451 2278 1513 duos
2295 1457 2409 1535 equites

549 1568 687 1616 armatos.

390 1687 449 1750 17.
499 1688 572 1751 lllel.
592 1695 647 1749 iter
661 1686 828 1767 ingreditur
839 1684 981 1747 Bonnam
997 1687 1036 1748 ad
1050 1685 1327 1770 Archiepiscopum
1344 1685 1454 1752 Colon.
1469 1690 1630 1749 comitibus
1642 1684 1729 1751 Iusto
1742 1683 1835 1767 Iona,
1861 1690 1925 1750 filio
1937 1734 1945 1768 ,
1972 1701 2002 1751 et
2016 1687 2204 1769 Hieronymo
2216 1682 2404 1747 Schreibero.

391 1824 450 1885 20.
500 1821 573 1884 Mel.
595 1823 709 1883 viderat
734 1831 764 1881 et
786 1835 909 1882 auxerat
925 1818 1026 1883 Alesii
1050 1822 1286 1905 disputationem
1308 1821 1464 1903 deprimo
1488 1826 1586 1905 capite
1607 1826 1639 1883 in
1655 1819 1714 1904 Ep.
1737 1824 1775 1883 ad
1789 1819 1962 1902 Romanos,
1991 1836 2021 1884 et
2036 1822 2170 1884 eiusdem
2185 1823 2408 1902 expositionem

549 1923 662 1987 Psalmi
675 1926 778 2005 primi.

389 2058 450 2121 2³.
501 2057 574 2121 Mel.
591 2071 635 2119 est
653 2053 782 2120 Cothae.

502 2192 562 2254 lter
575 2193 648 2253 fecit
664 2213 717 2273 per
735 2190 883 2251 ditionem
898 2185 1142 2270 Nassariensem‚
1169 2191 1223 2251 ubi
1235 2186 1420 2254 Knutelium
1434 2193 1583 2253 salutavit.

501 2323 538 2388 ln
552 2331 658 2387 itinere
673 2345 791 2386 carmen
807 2322 899 2385 i'ecits
928 2370 949 2401 ‚,
959 2321 1063 2405 Imago
1078 2321 1248 2401 Ecclesiae,
1274 2320 1377 2385 Exod.
1395 2330 1453 2392 83.
1463 2314 1481 2342 ”

380 2426 457 2490 Maii

420 2537 453 2598 9·
502 2530 614 2595 Scribit
629 2534 733 2593 amicis
749 2532 786 2591 de
799 2533 907 2591 misero
922 2542 1001 2592 statu
1017 2536 1209 2594 ecclesiarum
1223 2531 1473 2610 Coloniensium,
1499 2541 1530 2590 et
1546 2529 1583 2589 de
1597 2548 1655 2605 eo,
1683 2526 1766 2610 quod
1786 2522 1912 2587 Bonnaa
1931 2537 2031 2586 actum
2047 2527 2094 2585 sit.

502 2664 701 2747 Philippum,
726 2669 825 2727 filium
841 2686 930 2725 snum
945 2670 1074 2747 graviter
1087 2647 1245 2747 hortatur,
1271 2679 1307 2728 ut
1322 2667 1451 2746 diligens
1465 2668 1504 2727 sit
1516 2675 1546 2724 et
1562 2664 1651 2723 matri
1666 2664 1856 2743 obsequatur.

395 2810 454 2872 11.
503 2796 630 2863 Calvino
645 2802 748 2861 scribit
763 2799 800 2859 de
813 2801 901 2861 rebus
917 2769 1108 2883 theologicis.

395 2943 452 3005 19.
500 2930 639 2995 Luthero
653 2946 770 3011 narrat,
798 2954 874 3016 quae
890 2929 1016 2995 Bonnae
1030 2947 1166 3016 agantur.
1228 2984 1230 2988 .

394 3076 453 3139 23.
502 3064 595 3129 Liber
612 3065 693 3130 Cleri
709 3067 877 3129 secundarii
892 3064 1001 3131 Colon.
1018 3069 1159 3131 adversus
1172 3064 1452 3149 Archiepiscopum
1467 3064 1579 3146 prodit.

501 3200 570 3263 Hoc
591 3214 727 3282 tempore
740 3198 918 3263 lllalanthon
941 3201 1071 3262 formam
1094 3220 1246 3264 sacrorum
1266 3197 1552 3259 emendandornma
1566 3192 1685 3257 Bucero
1700 3189 1928 3273 Achiapiscopo
1945 3190 2084 3252 traditam
2100 3194 2228 3273 perlegit
2244 3206 2273 3252 et
2288 3212 2341 3252 sua
2355 3195 2411 3254 ad-

553 3303 607 3363 dit.
632 3328 684 3342 -
736 3300 844 3383 Capita
866 3303 903 3362 de
917 3301 1082 3383 Trinitate,
1108 3305 1145 3365 de
1170 3306 1338 3380 creatione,
1365 3301 1402 3362 de
1422 3312 1544 3382 peccato
1560 3300 1704 3379 originis,
1727 3296 1764 3357 da
1779 3297 1894 3356 iustitia
1909 3293 1979 3355 fidei
1992 3308 2021 3355 et
2037 3316 2164 3378 operum
2178 3294 2214 3355 de
2227 3292 2362 3356 Ecclesia
2380 3310 2409 3357 et

553 3405 590 3465 de
604 3407 791 3486 poenitentia
803 3408 836 3465 in
851 3407 930 3466 libro
947 3402 1123 3469 Coloniensi
1139 3404 1369 3468 Melanthonem
1385 3403 1496 3464 habent
1511 3415 1673 3463 auctorem.

393 3549 453 3613 26.
502 3534 629 3601 Carolus
653 3533 821 3620 Imperator
842 3536 961 3601 Ducem
986 3536 1060 3602 sax.
1080 3537 1251 3604 Electorem
1273 3552 1302 3601 et
1323 3536 1503 3620 Philippum
1524 3531 1659 3615 Landgr.
1681 3533 1818 3594 hortatur
1840 3550 1894 3610 per
1915 3531 2033 3607 literas,
2061 3526 2187 3592 Genuae
2207 3536 2349 3612 scriptas,
2377 3546 2410 3593 ut

553 3644 668 3702 auxilia
682 3646 803 3705 mittant
817 3642 955 3705 adversus
968 3642 1091 3706 Turoas.

382 3743 456 3811 dun.

502 3846 681 3912 Melanthon
698 3854 800 3914 scribit
813 3874 990 3936 responsum
1008 3853 1046 3914 ad
1061 3851 1185 3915 Clarum
1198 3853 1406 3916 secundarium
1422 3848 1643 3915 Coloniensem.

418 3990 450 4050 1.
503 3981 640 4065 Epistola
655 3980 753 4066 Papae
768 3987 806 4048 ad
821 3991 950 4070 collegas
965 3991 1101 4070 primarii
1115 3992 1223 4071 templi
1237 3986 1404 4065 Coloniae,
1430 4008 1469 4047 ne
1485 3986 1685 4046 mutationem
1700 3994 1852 4040 sacrorum
1866 3970 2040 4034 concedant.

395 4120 454 4184 19.
503 4115 708 4179 Melanthonis
720 4123 841 4183 libellus
856 4122 995 4183 adversus
1012 4119 1134 4186 Clerum
1149 4121 1364 4185 Coloniensem
1380 4120 1478 4181 editus
1496 4130 1550 4179 est.

394 4256 454 4319 20.
502 4250 577 4314 Mel.
593 4257 714 4335 prolixe
731 4258 833 4317 scribit
847 4255 886 4317 ad
903 4252 1049 4319 Senatum
1063 4253 1244 4319 Soestanum
1257 4257 1294 4317 de
1309 4252 1501 4318 instituendis
1518 4250 1639 4313 scholis.

395 4390 456 4451 22.
504 4384 678 4450 Conventus
692 4389 833 4450 ordinum
849 4387 1098 4470 Coloniensium,
1124 4393 1233 4475 quibus
1248 4392 1376 4452 traditur
1389 4390 1425 4450 ab
1441 4384 1683 4466 Archiepiscopo
1698 4382 1773 4443 liber
1788 4374 2020 4438 reformationis.

504 4516 643 4581 Exeunte
660 4517 751 4582 Iunio
768 4521 855 4605 Casp.
873 4523 973 4586 Hedio
989 4530 1072 4587 venit
1091 4522 1261 4589 Coloniam.

390 4649 451 4720 lul.
505 4650 684 4715 Melanthon
698 4651 823 4716 Bonnae
837 4659 939 4719 scribit
953 4661 1092 4719 libellum
1106 4659 1143 4719 da
1158 4660 1329 4719 discrimine
1342 4659 1449 4719 veteris
1464 4667 1493 4716 et
1506 4632 1580 4715 nori
1596 4649 1750 4724 Testem,
1777 4646 1831 4726 qui
1844 4652 1948 4723 p0³i0⁸
1961 4641 2083 4699 11100019
2099 4632 2191 4699 Doeb·
2206 4640 2302 4701 ellim
2317 4654 2371 4701 ⁰⁸1·

419 4795 455 4859 6.
505 4784 587 4867 Papa
602 4791 766 4849 concilium
779 4789 927 4851 indictum
940 4795 1051 4852 iterum
1066 4804 1218 4874 prorogat.

393 4931 453 4993 12.
506 4918 654 4985 Concedit
666 4919 923 5007 Archiepiscopus
936 4922 1146 5006 Melanthoni,
1172 4939 1207 4987 ut
1222 4925 1348 4987 domum
1361 4924 1470 4985 redeat.

398 5067 454 5129 13.
505 5053 637 5117 Caesaris
652 5062 799 5120 exercitus
815 5064 923 5121 mnsus
939 5060 1077 5124 adversus
1091 5057 1210 5123 Ducem
1223 5060 1396 5126 Clivensem
1412 5057 1494 5121 venit
1509 5058 1541 5114 in
1562 5050 1703 5115 viciniam
1721 5043 1856 5108 Bonnae.

395 5200 453 5264 18.
504 5186 577 5250 Mel·
593 5192 620 5250 d
643 5196 698 5259 18.
713 5188 775 5254 lul.
791 5196 857 5256 vult
871 5196 969 5274 abire,
995 5197 1049 5258 sed
1063 5200 1207 5259 retinetur
1221 5199 1359 5277 precibus
1369 5196 1537 5270 nobilium,
1564 5190 1618 5272 qni
1630 5195 1756 5267 rogant,
1782 5203 1820 5241 110
1836 5190 1904 5241 anie
1919 5187 2101 5238 ⁰⁰¹1V⁰1¹¹¹¹m
2117 5170 2366 5235 ⁰¹d1¹¹¹¹mflb⁰⁰b

366 5329 410 5388 24.
421 5332 467 5387 25.
503 5322 622 5387 Amicis
638 5323 815 5391 Melanthon
832 5331 934 5393 scribit
948 5332 1106 5394 historiam
1120 5344 1294 5394 conventus.

394 5466 454 5534 26.
503 5458 630 5522 Carolus
642 5455 809 5546 Imperator
824 5471 907 5530 venit
921 5462 1061 5548 Spirrm,
1087 5468 1127 5530 ad
1143 5489 1234 5553 quem
1247 5467 1445 5549 proficiscitur
1458 5459 1668 5535 Hermannus,
1701 5449 1849 5531 Archiep.
1863 5441 1994 5523 colcu,
2023 5442 2230 5524 deprecaturus
2253 5464 2307 5526 pro
2324 5439 2411 5505 Duce

553 5558 678 5625 cliviae.
1425 5563 1428 5567 ’

390 5711 450 5774 28,
502 5701 549 5757 vel
567 5697 595 5759 d.
617 5704 674 5766 29.
689 5687 869 5764 Melanthon
886 5707 948 5766 abit
963 5701 1084 5767 Bonna.

389 5861 448 5925 30,
499 5847 554 5911 Est
567 5852 600 5909 in
616 5869 681 5912 arca
696 5847 916 5916 Rnnckeliana.
940 5887 993 5900 —
1044 5850 1151 5917 Studia
1167 5866 1197 5917 et
1210 5855 1332 5935 negotia
1345 5854 1513 5917 amicorum
1526 5868 1598 5911 sum
1616 5820 1803 5908 remorantur
1815 5839 1849 5899 in
1862 5834 1981 5896 itinere.
