5325 6917
603 713 756 790 907

1023 878 1435 976 Geor-gio
1485 871 2177 949 Buchholzero.

607 1139 1094 1209 illustrissimo
1130 1136 1435 1227 principi
1453 1131 1788 1218 Electori,
1829 1124 2608 1201 Marchioniloachi-

612 1265 771 1322 mn,
826 1242 1161 1335 quasdam
1209 1250 1486 1306 nostras
1537 1231 2220 1331 deliberationes¹),
2267 1257 2442 1327 quas
2479 1258 2607 1301 oro

614 1359 696 1416 ut
744 1345 806 1412 ei
855 1368 1016 1410 mox
1063 1335 1476 1409 exhibeatis:
1531 1352 1603 1407 et
1632 1334 1814 1406 mihi
1841 1338 2287 1429 significetis,
2340 1362 2431 1405 an
2465 1337 2609 1404 siut

617 1442 987 1516 exhibitae.
1094 1440 1393 1512 Potestis
1420 1465 1533 1510 eas
1565 1455 1637 1511 et
1670 1465 1796 1510 vos
1823 1444 2093 1530 legere,
2143 1455 2208 1510 et
2239 1464 2444 1530 spero
2477 1464 2609 1507 vo-

615 1550 726 1617 bis
768 1560 833 1616 et
886 1543 1221 1614 omnibus
1267 1545 1442 1636 piis,
1494 1544 1619 1638 qui
1664 1543 1945 1632 legent,
2014 1543 2392 1634 placituras
2446 1564 2611 1609 esse.

613 1648 810 1719 Bene
839 1648 1097 1731 valete,
1147 1661 1213 1716 et
1247 1647 1637 1718 rescribite.
1717 1644 1854 1717 Die
1882 1645 2262 1716 Dominico
2284 1701 2303 1730 ,
2338 1640 2613 1716 13.De-

617 1752 956 1836 cembris,
1009 1746 1225 1819 Anno
1263 1746 1387 1821 45.

627 1976 758 1986 ..-
937 1979 941 1982 A
1000 1976 1204 1984 ---—.-—
1542 1974 1860 1985 *ψη-ο-
1884 1978 1924 1984 --
1942 1978 1994 1984 --
2041 1978 2110 1983 .-.-

620 2100 754 2172 No.
790 2096 1018 2174 3334.

1101 2280 1470 2366 Alberto
1527 2281 1768 2367 Daci
1834 2282 2131 2367 Prusa.

756 2442 912 2498 Edita
940 2462 969 2497 a
996 2442 1176 2497 Fabro
1201 2443 1258 2495 in
1286 2439 1546 2513 Epistolis
1578 2461 1631 2512 p.
1664 2442 1780 2496 111.
1805 2461 1889 2512 ep.
1919 2440 2004 2494 30.

1031 2588 1245 2685 (Alb
1264 2618 1295 2661 e
1317 2601 1393 2661 rt
1412 2618 1454 2662 o
1505 2589 1720 2660 Daci
1770 2585 2159 2678 Prassiae)

2279 2115 2389 2175 13.
2432 2104 2584 2167 Dec.

2255 2197 2600 2226 Μ

617 2710 707 2799 S.
774 2725 863 2794 D.
983 2722 1465 2793 Illustrissime
1527 2738 1598 2792 et
1650 2723 2193 2793 clementissime
2262 2724 2609 2815 princeps.

619 2828 782 2900 Scio
839 2826 1243 2915 principum
1302 2826 1757 2895 facultatibus
1804 2828 1967 2917 quia
2016 2849 2269 2914 magna
2324 2826 2607 2916 publica

621 2954 838 3000 onera
872 2930 1255 3011 sustinent,
1306 2929 1743 3018 parcendum
1779 2951 1945 2997 esse.
2048 2926 2287 3016 Quare
2323 2952 2469 2996 non
2518 2928 2610 2994 li-

620 3035 871 3103 benter
914 3043 1199 3121 sumptu
1253 3028 1609 3120 principes
1653 3054 1895 3102 onero,

621 3135 793 3205 tudo
825 3148 1053 3202 vestra
1092 3133 1284 3200 ultro
1319 3126 1498 3198 mihi
1530 3133 1983 3223 splendidum
2015 3155 2276 3201 munus
2310 3133 2608 3212 dederit,

620 3237 877 3328 gratias
909 3259 1036 3325 ago
1067 3231 1494 3304 Celsitudini
1525 3249 1815 3303 vestrae.
1866 3237 2134 3323 gaudeo
2169 3235 2376 3304 etiam
2424 3234 2611 3302 mul-

618 3354 692 3410 to
738 3338 958 3423 magis
1007 3336 1437 3424 reipublicae
1485 3359 1727 3421 causa,
1805 3361 2017 3429 quam
2069 3361 2257 3420 mea,
2334 3336 2610 3429 aliquos

621 3462 767 3509 esse
813 3437 1202 3527 principeS,
1271 3437 1395 3527 qui
1443 3438 1693 3507 iuvant
1730 3453 1798 3507 et
1844 3439 2410 3531 complectuntur
2450 3439 2611 3508 lite-

622 3564 862 3611 rarum
904 3539 1244 3622 cultoreS,
1298 3561 1601 3630 quarum
1647 3563 1814 3607 cura
1868 3554 2052 3609 certe
2114 3544 2204 3609 ad
2253 3541 2610 3633 principes

624 3642 950 3737 pertinet.
1171 3707 1178 3712 .

785 3741 893 3814 De
922 3734 1359 3837 Staphili*)
1393 3743 1797 3812 contatione
1827 3765 2077 3812 vereor
2093 3738 2608 3812 Celsitudinem

621 3862 925 3918 vestram
960 3840 1093 3913 hac
1121 3869 1319 3913 mora
1352 3845 1643 3918 offendi.
1748 3844 1886 3915 Sed
1920 3845 2233 3936 profecto
2264 3857 2458 3914 tanta
2507 3858 2613 3913 est

623 3951 775 4020 eius
822 3947 1166 4026 eruditio,
1218 3960 1301 4015 ut
1352 3946 1709 4017 neminem
1761 3948 1827 4015 ei
1870 3948 2073 4018 facile
2117 3948 2192 4015 in
2232 3972 2310 4016 ea
2337 3947 2611 4039 profes-

624 4052 822 4121 sione
867 4050 955 4116 ad
990 4071 1200 4140 quam
1247 4062 1540 4118 vocatur
1582 4050 2116 4119 anteferendum
2150 4065 2413 4141 putem.
2516 4044 2612 4118 Et

624 4152 756 4223 scit
785 4151 1102 4239 linguam
1131 4148 1567 4219 Polonicam.
1664 4148 1944 4221 Interea
1975 4176 2142 4220 vero
2190 4166 2310 4220 aut
2339 4148 2612 4220 Doctor

624 4248 923 4337 Petrus,
964 4266 1085 4320 aut
1119 4250 1461 4341 Magister
1494 4244 1881 4323 Iohannes
1909 4252 2264 4345 perlegere
2299 4254 2611 4347 aliquam

621 4355 831 4428 Pauli
865 4351 1257 4446 Epistolam
1279 4409 1299 4439 ,
1351 4368 1472 4424 aut
1504 4354 1713 4431 aliam
1746 4372 2014 4448 partem
2054 4356 2308 4426 veteris
2342 4370 2464 4426 aut
2504 4370 2616 4425 te-

625 4458 953 4528 stamenti
986 4470 1339 4548 poterunt.
1418 4455 1928 4530 Pronunciatio
1958 4455 2290 4549 Magistri
2319 4451 2611 4527 Iohan-

627 4558 748 4629 nis
777 4562 1060 4629 videtur
1091 4554 1390 4628 Scholae
1426 4572 1611 4649 apta.

623 4763 798 4835 abiit
825 4760 1190 4833 Celsitudo
1220 4777 1483 4852 vestra,
1535 4766 1773 4836 literas
1806 4765 2198 4857 accepimus
2244 4766 2321 4834 in
2356 4765 2614 4859 quibus

697 5021 755 5088 l)
791 5018 892 5074 Eas
928 5034 1081 5069 nunc
1116 5034 1229 5070 non
1265 5016 1526 5072 habemus
1563 5030 1818 5074 servatas.

692 5105 758 5176 ³⁸²)
802 5106 904 5170 zm
931 5104 1150 5167 genunt
1182 5104 1272 5158 bez
1304 5104 1543 5172 1546sten
1571 5103 1779 5168 zohtes
1816 5103 1844 5169 1·
1894 5098 2002 5155 tieb
2040 5102 2353 5179 ber-{aetam
2392 5112 2458 5155 cm
2489 5100 2614 5157 ἣκει

763 5173 1012 5240 Ianthen:
1084 5171 1384 5252 &ophitus
1420 5173 1550 5239 habe
1600 5171 1733 5240 scine
1771 5172 1851 5229 ffl·
1885 5164 2080 5239 [druna
2118 5170 2244 5225 ubet
2283 5176 2361 5223 me
2397 5172 2613 5239 ‘tranab-

759 5239 1368 5389 ξ’ἑῆἓῗξῗξῖῗεεὶῗξὲ
1395 5241 1783 5374 attint&
1834 5236 2613 5389 εξὲζὲἐὲἑἙέἔῗὲἑῐῖἕὲξῖὶ

763 5382 1026 5461 ωηατ,
1067 5383 1262 5433 tecnon
1298 5394 1359 5448 gu
1385 5378 1613 5444 beream.
1684 5378 2008 5446 ffielnntbon
2033 5373 2222 5448 mssdyte
2249 5380 2328 5433 bte
2356 5378 2610 5448 besttmm·

757 5456 810 5507 tc
848 5447 1151 5517 efflatum
1189 5460 1289 5503 non
1328 5444 1630 5526 &twbssffffi
1667 5447 1776 5513 etto

758 5520 974 5588 nebmen
1025 5520 1127 5571 unb
1181 5510 1468 5595 [patemus
1518 5514 1603 5571 bno
1652 5518 1842 5587 &stetu
1899 5517 2022 5595 ”9⁶¹1
2069 5514 2317 5586 ‘pteufien
2379 5515 2608 5596 tqmmen

1161 5583 1869 5719 ττετεεετεεεττ
1898 5584 2328 5722 (ττεεττετ
2353 5584 2609 5725 ετξτε

754 5653 1289 5808 ῗέᾗξῖιῗηςὲῗξιῑααέιη
1337 5723 1546 5801 mutpe)
1605 5721 1904 5794 absentem,
1954 5720 2030 5778 im
2078 5722 2269 5791 erstem
2317 5723 2441 5793 8011
2487 5724 2610 5782 abet

749 5796 852 5864 -tlyn-
882 5806 1011 5863 gnta
1063 5737 1318 5859 beheim.
1391 5792 1623 5862 {aternus
1649 5793 1790 5865 folgt
1824 5807 1934 5851 mm
1954 5791 2605 5931 &cumbenz-gamma.

2400 5881 2471 5916 er.

2001 3029 2142 3100 Sed
2195 3055 2353 3099 cum
2382 3027 2609 3100 Celsi-
2660 3035 2661 3042 ’

1763 699 2648 780 EplsTOLARUM
2747 705 3148 785 cmlx,
3255 667 3525 786 1'545.
4592 716 4738 791 noa

2646 904 2648 908 ⁴
2701 879 3036 949 scribitur
3099 885 3423 954 nondum
3479 884 3643 957 sciri
3697 910 3877 978 quos
3939 882 4328 979 theologos
4395 878 4731 963 Carolus

610 1016 1053 1111 venerande
1094 1047 1164 1104 et
1207 1029 1613 1103 charissime
1658 1031 1949 1100 domine
1989 1027 2278 1119 Georgi.
2385 1026 2603 1097 Mitto
2646 1003 2648 1007 ¹

2703 979 2881 1073 Imp.
2928 983 3268 1073 delegerit
3299 984 3797 1080 Colloquium,
3851 1014 3931 1058 ex
3979 992 4067 1061 iis
4110 1016 4304 1086 quos
4351 991 4512 1081 ipse
4567 1020 4730 1086 pro-

2701 1085 2844 1154 bat.
2915 1082 3057 1153 Sed
3084 1083 3523 1179 Ratisponae
3553 1089 3698 1159 iam
3734 1105 3901 1161 sunt
3934 1119 4017 1162 ex
4053 1095 4336 1165 nostris
4354 1088 4724 1169 Bantius

2703 1200 2772 1255 et
2815 1179 3186 1283 Sneppius
3223 1188 3712 1280 Tubingensis
3751 1190 4176 1265 Academiae
4221 1196 4526 1267 Lector.
4628 1198 4725 1272 De

2705 1288 2915 1357 initio
2971 1287 3388 1362 Conventus
3451 1296 3774 1363 nondum
3832 1299 4177 1393 quidquid
4245 1299 4720 1391 significatum

2661 1434 2662 1441 ε
2707 1405 2812 1461 est
2839 1391 3035 1463 certi.

2911 1493 3179 1563 Scribit
3237 1494 3326 1561 ad
3371 1492 3557 1571 Cels.
3610 1524 3677 1571 v,
3739 1512 3807 1569 et
3847 1514 4085 1571 noster
4136 1498 4715 1592 Mathematicus,

2709 1594 2907 1664 cuius
2966 1596 3244 1664 labores
3289 1597 3497 1668 video
3559 1601 3768 1669 utiles
3812 1626 3959 1671 esse
4008 1607 4092 1673 ad
4157 1605 4502 1675 iuvanda
4561 1603 4714 1679 haec

2709 1697 2940 1766 studia
2990 1692 3489 1789 philosophiae
3531 1726 3744 1795 quam
3800 1706 4199 1795 profitetur.
4335 1706 4512 1778 Ideo
4565 1735 4717 1781 eum

2709 1798 3142 1869 Celsitudini
3170 1814 3439 1872 vestrae
3475 1804 3856 1895 diligenter
3884 1812 4349 1883 commende.

2916 1897 3072 1971 Oro
3123 1915 3358 1970 autern
3405 1905 3616 1974 deum
3679 1922 4044 1979 aeternum
4103 1926 4403 2006 patrem
4453 1915 4712 1983 domini

2711 2003 2934 2071 nostri
2975 2002 3131 2072 lesu
3163 1998 3443 2091 christi,
3488 2022 3570 2077 ut
3602 2024 3833 2080 servet
3882 2026 3950 2082 et
3983 2028 4177 2104 regat
4216 2016 4716 2087 celsitudinem

2709 2119 3010 2174 vestram
3056 2105 3181 2198 qui
3231 2131 3424 2176 nunc
3468 2107 3544 2176 in
3587 2105 3698 2179 his
3745 2113 3937 2182 feriis
3988 2113 4381 2185 Nataliciis
4450 2120 4542 2188 de
4586 2121 4717 2190 filio

2710 2208 2919 2276 nobis
2951 2208 3416 2277 concionatur
3446 2210 3522 2278 in
3544 2210 3826 2284 Psalmo
3857 2219 4197 2291 secundo,
4315 2214 4721 2293 osculami-

2708 2310 2784 2376 ni
2836 2309 3099 2391 filium,
3153 2334 3232 2377 ac
3278 2310 3475 2381 iubet
3515 2313 3743 2383 filium
3790 2319 3906 2407 pie
3963 2320 4240 2411 excipi,
4321 2327 4521 2414 quod
4571 2351 4721 2395 cum

2653 2414 2654 2417 ’
2706 2407 3071 2480 Celsitudo
3137 2423 3368 2480 vestra
3424 2415 3675 2501 faciat,
3763 2419 4072 2489 vicissim
4138 2445 4314 2491 eam
4378 2426 4724 2503 defendet.

2707 2510 2927 2582 Datae
2959 2513 3073 2582 die
3113 2515 3229 2587 15.
3263 2509 3696 2591 Decembris.

3341 2629 3766 2706 Celsitudini
3798 2650 4070 2708 vestrae

3935 2742 4494 2817 addictissimus

3738 2833 4128 2936 Philippus
4157 2844 4641 2922 Melanthon.

4410 3240 4531 3302 18.
4557 3233 4708 3302 Dec.

4379 3324 4731 3358 M

2704 3203 2838 3277 No.
2872 3201 3097 3281 3335.

2966 3394 2971 3398 ’
3085 3408 3492 3524 Cruciger
3555 3414 3682 3497 acl
3747 3416 4347 3509 Theodorum.

2845 3569 3000 3623 Edita
3036 3569 3092 3623 in
3131 3569 3355 3626 Peuceri
3394 3581 3609 3629 tractat.
3646 3574 3832 3631 histor.
3871 3596 3923 3647 p.
3950 3578 4036 3632 74.
4077 3581 4242 3640 etin
4279 3586 4485 3643 Ambr.
4517 3590 4726 3649 VVolfii
4782 3569 4789 3576 .

2910 3640 3129 3707 -ῡίᾓοτίι
3166 3644 3250 3698 bet
3286 3643 3486 3711 παρη.
3529 3644 3744 3715 (ἰοηῐεῆ.
3782 3665 3835 3716 p.
3880 3647 3999 3703 580.

2758 3780 2982 3892 Casp.
3034 3782 3478 3889 Crucigerus
3522 3791 3636 3866 ad
3676 3795 3995 3871 Vllum
4043 3798 4658 3886 Theodorum

2705 3925 2938 4036 Saepe
2989 3957 3153 4014 ante
3195 3940 3330 4016 hoc
3377 3960 3651 4038 tempus
3699 3949 3776 4017 in
3825 3952 4064 4023 animo
4120 3950 4395 4046 habui,
4468 3968 4562 4036 de
4599 3970 4717 4041 illa

2707 4052 2947 4117 no'stra
2994 4070 3197 4117 causa
3234 4072 3395 4117 cum
3439 4044 3868 4147 διδασκάλῳ
3903 4054 4241 4153 nosti-0¹)
4268 4064 4714 4143 ‘familiarius

2707 4150 3054 4241 colloqui,
3105 4165 3173 4219 et
3201 4151 3422 4219 veluti
3455 4153 3752 4223 fundere
3785 4155 3861 4224 in
3893 4158 4132 4227 sinum
4181 4162 4417 4252 ipsius
4447 4175 4709 4259 cogita-

2708 4254 2936 4322 tiones
2975 4275 3184 4323 meas.
3289 4250 3428 4321 Sed
3475 4279 3586 4322 me
3634 4258 3940 4327 multum
3990 4260 4277 4355 diuque
4314 4270 4708 4344 deliberan-

2708 4368 2845 4424 tem
2913 4354 3204 4423 retraxit
3247 4349 3442 4451 μέγα
3489 4350 3562 4425 τὶ
3609 4352 3807 4443 δέος,
3871 4363 4062 4454 quod
4114 4365 4384 4454 video,
4448 4375 4528 4443 in
4583 4372 4702 4448 hac

2709 4457 3120 4548 praesertim
3185 4479 3258 4523 re
3319 4457 3594 4528 facilius
3648 4460 3837 4546 fieri,
3906 4477 3986 4533 ut
4028 4465 4250 4537 etiam
4306 4473 4385 4542 in
4440 4499 4698 4549 summa

2653 4600 2666 4637 a.
2702 4560 3036 4629 ‘cautione
3080 4558 3398 4627 offendas
3443 4562 3633 4650 apud
3684 4575 3823 4631 tam
3868 4588 4098 4635 acrem
4135 4570 4424 4659 virum,
4482 4595 4550 4649 et
4589 4584 4698 4675 qui

826 4660 933 4729 De
978 4658 1357 4731 Conventu
1399 4654 1950 4758 Ralisponehsi
2002 4676 2374 4755 postquam
2441 4656 2613 4731 hinc
2663 4650 2666 4708 ¹¹

2709 4662 3069 4731 interdum
3102 4661 3329 4731 multo
3375 4662 3581 4731 aliter
3614 4664 3900 4754 accipit,
3952 4672 4147 4760 quod
4182 4673 4695 4768 simplicissime

2711 4764 2971 4832 dixeris
3016 4787 3226 4854 quam
3273 4762 3647 4857 quisquam
3694 4767 3965 4855 cogitet.
4073 4770 4328 4861 Quare
4377 4806 4507 4872 ego
4552 4788 4690 4879 qui.

2711 4868 2905 4961 dem,
2939 4865 3195 4956 quibus
3229 4865 3460 4934 verbis
3493 4868 3681 4957 apud
3708 4893 3869 4937 eum
3900 4885 4096 4957 utar,
4140 4899 4279 4947 nec
4311 4885 4444 4952 ubi
4483 4889 4691 4958 offen-

2710 4971 2911 5051 dam,
2964 4989 3108 5034 non
3155 4966 3467 5040 invenio,
3565 4967 3761 5039 Idem
3816 4996 4019 5064 saepe
4047 4993 4350 5069 questus
4386 5002 4493 5059 est
4529 4987 4692 5060 mihi

2712 5082 2950 5139 noster
2978 5064 3374 5164 amicus²),
3428 5070 3552 5163 qui
3588 5073 3882 5143 omnino
3932 5092 4175 5166 negat,
4225 5086 4323 5155 de
4373 5083 4510 5161 hoc
4556 5107 4688 5165 toto

2710 5171 2990 5261 negotio
3035 5171 3150 5238 vel
3197 5173 3496 5241 verbum
3542 5198 3700 5241 cum
3746 5200 3827 5243 eo
3883 5192 4482 5261 commutandum
4538 5220 4690 5271 esse.

2707 5273 2907 5357 Scio,
2989 5297 3137 5341 non
3190 5297 3334 5342 esse
3400 5277 3588 5365 apud
3653 5276 3856 5345 illum
3918 5288 4374 5360 movendum
4437 5297 4694 5393 aliquid

1780 5448 1960 5511 ‘bem‘
1999 5446 2060 5501 ob
2098 5462 2153 5503 et
2189 5445 2268 5503 me
2304 5448 2484 5505 &teuc
2519 5462 2610 5506 w.
2661 5418 2662 5481 }
2705 5376 3303 5467 disputationum,
3369 5389 3437 5446 et
3487 5390 3675 5447 certe
3728 5403 3873 5447 non
3938 5385 4151 5474 cupio
4201 5392 4269 5460 ei
4326 5399 4698 5477 adversati·

2706 5477 2946 5566 Quare
2977 5478 3104 5547 etsi
3136 5492 3237 5546 est
3268 5482 3681 5574 σφαλερον,
3731 5494 3963 5553 tamen
4012 5486 4074 5555 si
4118 5492 4482 5572 offeretur
4512 5530 4698 5579 ocea-

2776 5765 2831 5831 1)
2872 5763 3134 5818 Luthero.

2775 5864 2835 5932 2)
2875 5863 3135 5919 Melanth.
