<?xml version="1.0" encoding="UTF-8"?>
<!DOCTYPE html PUBLIC "-//W3C//DTD XHTML 1.0 Transitional//EN"
    "http://www.w3.org/TR/xhtml1/DTD/xhtml1-transitional.dtd">
<html xmlns="http://www.w3.org/1999/xhtml" xml:lang="en" lang="en">
 <head>
  <title>
</title>
<meta http-equiv="Content-Type" content="text/html;charset=utf-8" />
  <meta name='ocr-system' content='tesseract 3.04.00' />
  <meta name='ocr-capabilities' content='ocr_page ocr_carea ocr_par ocr_line ocrx_word'/>
</head>
<body>
  <div class='ocr_page' id='page_1' title='image "./philippimelanth10melagoog_0076.png"; bbox 0 0 5325 6917; ppageno 0'>
   <div class='ocr_carea' id='block_1_1' title="bbox 667 646 927 718">
    <p class='ocr_par' dir='ltr' id='par_1_1' title="bbox 667 646 927 718">
     <span class='ocr_line' id='line_1_1' title="bbox 667 646 927 718; baseline -0.004 0"><span class='ocrx_word' id='word_1_1' title='bbox 667 713 672 718; x_wconf 88' lang='lat'><strong><em>.</em></strong></span> <span class='ocrx_word' id='word_1_2' title='bbox 786 646 927 718; x_wconf 88' lang='lat'>111</span> 
     </span>
    </p>
   </div>
   <div class='ocr_carea' id='block_1_2' title="bbox 782 807 2773 890">
    <p class='ocr_par' dir='ltr' id='par_1_2' title="bbox 782 807 2773 890">
     <span class='ocr_line' id='line_1_2' title="bbox 782 807 2773 890; baseline -0.006 -1"><span class='ocrx_word' id='word_1_3' title='bbox 782 814 1119 890; x_wconf 89' lang='lat' dir='ltr'>Colamus</span> <span class='ocrx_word' id='word_1_4' title='bbox 1164 825 1487 882; x_wconf 88' lang='lat' dir='ltr'>nostrum</span> <span class='ocrx_word' id='word_1_5' title='bbox 1540 807 1867 879; x_wconf 84' lang='lat' dir='ltr'>ordinem</span> <span class='ocrx_word' id='word_1_6' title='bbox 1924 821 1997 881; x_wconf 90' lang='lat' dir='ltr'>et</span> <span class='ocrx_word' id='word_1_7' title='bbox 2052 808 2396 878; x_wconf 79' lang='lat' dir='ltr'>amicitias</span> <span class='ocrx_word' id='word_1_8' title='bbox 2453 807 2773 879; x_wconf 91' lang='lat' dir='ltr'>literato-</span> 
     </span>
    </p>
   </div>
   <div class='ocr_carea' id='block_1_3' title="bbox 785 908 2825 1008">
    <p class='ocr_par' dir='ltr' id='par_1_3' title="bbox 785 908 2825 1008">
     <span class='ocr_line' id='line_1_3' title="bbox 785 908 2825 1008; baseline -0.005 -20"><span class='ocrx_word' id='word_1_9' title='bbox 785 944 943 988; x_wconf 85' lang='lat' dir='ltr'>rum</span> <span class='ocrx_word' id='word_1_10' title='bbox 981 930 1343 1008; x_wconf 89' lang='lat' dir='ltr'>utcunque</span> <span class='ocrx_word' id='word_1_11' title='bbox 1375 915 1774 994; x_wconf 84' lang='lat' dir='ltr'>foveamus,</span> <span class='ocrx_word' id='word_1_12' title='bbox 1827 932 2001 1003; x_wconf 87' lang='lat' dir='ltr'>quas</span> <span class='ocrx_word' id='word_1_13' title='bbox 2033 932 2307 1000; x_wconf 80' lang='lat' dir='ltr'>semper</span> <span class='ocrx_word' id='word_1_14' title='bbox 2339 908 2648 979; x_wconf 88' lang='lat' dir='ltr'>iudicavi</span> <span class='ocrx_word' id='word_1_15' title='bbox 2683 911 2773 978; x_wconf 88' lang='lat' dir='ltr'>ad</span> <span class='ocrx_word' id='word_1_16' title='bbox 2824 953 2825 993; x_wconf 55' lang='lat'><em>;</em></span> 
     </span>
    </p>
   </div>
   <div class='ocr_carea' id='block_1_4' title="bbox 784 1007 2775 1203">
    <p class='ocr_par' dir='ltr' id='par_1_4' title="bbox 784 1007 2775 1203">
     <span class='ocr_line' id='line_1_4' title="bbox 784 1007 2775 1108; baseline -0.003 -19"><span class='ocrx_word' id='word_1_17' title='bbox 784 1017 1295 1108; x_wconf 77' lang='lat' dir='ltr'>rempublicam</span> <span class='ocrx_word' id='word_1_18' title='bbox 1340 1013 1550 1082; x_wconf 89' lang='lat' dir='ltr'>etiam</span> <span class='ocrx_word' id='word_1_19' title='bbox 1578 1011 1950 1103; x_wconf 89' lang='lat' dir='ltr'>pertinere.</span> <span class='ocrx_word' id='word_1_20' title='bbox 2050 1007 2462 1081; x_wconf 89' lang='lat' dir='ltr'>Clarissimo</span> <span class='ocrx_word' id='word_1_21' title='bbox 2493 1010 2649 1080; x_wconf 87' lang='lat' dir='ltr'>viro</span> <span class='ocrx_word' id='word_1_22' title='bbox 2681 1007 2775 1084; x_wconf 88' lang='lat' dir='ltr'>D.</span> 
     </span>
     <span class='ocr_line' id='line_1_5' title="bbox 786 1111 2057 1203; baseline -0.004 -13"><span class='ocrx_word' id='word_1_23' title='bbox 786 1111 1066 1190; x_wconf 76' lang='lat' dir='ltr'>Echtio</span> <span class='ocrx_word' id='word_1_24' title='bbox 1100 1118 1390 1188; x_wconf 89' lang='lat' dir='ltr'>salutem</span> <span class='ocrx_word' id='word_1_25' title='bbox 1429 1124 1833 1183; x_wconf 83' lang='lat' dir='ltr'>reverenter</span> <span class='ocrx_word' id='word_1_26' title='bbox 1863 1125 2057 1203; x_wconf 90' lang='lat' dir='ltr'>opto.</span> 
     </span>
    </p>
   </div>
   <div class='ocr_carea' id='block_1_5' title="bbox 784 1232 2777 1948">
    <p class='ocr_par' dir='ltr' id='par_1_5' title="bbox 784 1232 2777 1948">
     <span class='ocr_line' id='line_1_6' title="bbox 988 1232 2775 1340; baseline -0.006 -19"><span class='ocrx_word' id='word_1_27' title='bbox 988 1249 1172 1321; x_wconf 91' lang='lat' dir='ltr'>Iussi</span> <span class='ocrx_word' id='word_1_28' title='bbox 1217 1272 1477 1340; x_wconf 90' lang='lat' dir='ltr'>equum</span> <span class='ocrx_word' id='word_1_29' title='bbox 1521 1260 1720 1315; x_wconf 89' lang='lat' dir='ltr'>tuum</span> <span class='ocrx_word' id='word_1_30' title='bbox 1761 1232 2050 1327; x_wconf 74' lang='lat' dir='ltr'>vendi,=</span> <span class='ocrx_word' id='word_1_31' title='bbox 2080 1268 2241 1314; x_wconf 88' lang='lat' dir='ltr'>cum</span> <span class='ocrx_word' id='word_1_32' title='bbox 2272 1237 2775 1338; x_wconf 85' lang='lat' dir='ltr'>habebimus¹)</span> 
     </span>
     <span class='ocr_line' id='line_1_7' title="bbox 785 1345 2774 1445; baseline -0.007 -20"><span class='ocrx_word' id='word_1_33' title='bbox 785 1367 1214 1445; x_wconf 89' lang='lat' dir='ltr'>emptorem;</span> <span class='ocrx_word' id='word_1_34' title='bbox 1293 1350 1374 1418; x_wconf 85' lang='lat' dir='ltr'>fit</span> <span class='ocrx_word' id='word_1_35' title='bbox 1430 1348 1624 1416; x_wconf 87' lang='lat' dir='ltr'>enim</span> <span class='ocrx_word' id='word_1_36' title='bbox 1682 1345 1762 1415; x_wconf 94' lang='lat' dir='ltr'>in</span> <span class='ocrx_word' id='word_1_37' title='bbox 1820 1346 1967 1418; x_wconf 92' lang='lat' dir='ltr'>otio</span> <span class='ocrx_word' id='word_1_38' title='bbox 2030 1345 2551 1429; x_wconf 81' lang='lat' dir='ltr'>contumacior,</span> <span class='ocrx_word' id='word_1_39' title='bbox 2610 1367 2774 1414; x_wconf 89' lang='lat' dir='ltr'>cum</span> 
     </span>
     <span class='ocr_line' id='line_1_8' title="bbox 784 1445 2777 1548; baseline -0.007 -22"><span class='ocrx_word' id='word_1_40' title='bbox 784 1454 1055 1547; x_wconf 76' lang='lat' dir='ltr'>alioqui</span> <span class='ocrx_word' id='word_1_41' title='bbox 1088 1454 1178 1522; x_wconf 89' lang='lat' dir='ltr'>sit</span> <span class='ocrx_word' id='word_1_42' title='bbox 1209 1449 1741 1548; x_wconf 80' lang='lat' dir='ltr'>ignavissimus,</span> <span class='ocrx_word' id='word_1_43' title='bbox 1802 1469 1982 1540; x_wconf 91' lang='lat' dir='ltr'>pene</span> <span class='ocrx_word' id='word_1_44' title='bbox 2021 1461 2106 1517; x_wconf 92' lang='lat' dir='ltr'>ut</span> <span class='ocrx_word' id='word_1_45' title='bbox 2134 1471 2327 1517; x_wconf 90' lang='lat' dir='ltr'>nunc</span> <span class='ocrx_word' id='word_1_46' title='bbox 2357 1445 2677 1515; x_wconf 81' lang='lat' dir='ltr'>centauri</span> <span class='ocrx_word' id='word_1_47' title='bbox 2704 1457 2777 1514; x_wconf 90' lang='lat' dir='ltr'>et</span> 
     </span>
     <span class='ocr_line' id='line_1_9' title="bbox 789 1545 2777 1637; baseline -0.007 -10"><span class='ocrx_word' id='word_1_48' title='bbox 789 1568 1237 1627; x_wconf 89' lang='lat' dir='ltr'>contumaces</span> <span class='ocrx_word' id='word_1_49' title='bbox 1301 1565 1466 1621; x_wconf 87' lang='lat' dir='ltr'>suut</span> <span class='ocrx_word' id='word_1_50' title='bbox 1535 1563 1602 1618; x_wconf 92' lang='lat' dir='ltr'>et</span> <span class='ocrx_word' id='word_1_51' title='bbox 1668 1548 1931 1637; x_wconf 81' lang='lat' dir='ltr'>ignavi.</span> <span class='ocrx_word' id='word_1_52' title='bbox 2050 1545 2493 1636; x_wconf 83' lang='lat' dir='ltr'>Quaeramus</span> <span class='ocrx_word' id='word_1_53' title='bbox 2557 1546 2777 1635; x_wconf 84' lang='lat' dir='ltr'>igitur</span> 
     </span>
     <span class='ocr_line' id='line_1_10' title="bbox 788 1647 2777 1751; baseline -0.007 -24"><span class='ocrx_word' id='word_1_54' title='bbox 788 1680 1049 1751; x_wconf 84' lang='lat' dir='ltr'>equum</span> <span class='ocrx_word' id='word_1_55' title='bbox 1102 1647 1709 1745; x_wconf 81' lang='lat' dir='ltr'>philosophicum,</span> <span class='ocrx_word' id='word_1_56' title='bbox 1774 1652 1850 1719; x_wconf 91' lang='lat' dir='ltr'>id</span> <span class='ocrx_word' id='word_1_57' title='bbox 1894 1662 2030 1733; x_wconf 92' lang='lat' dir='ltr'>est,</span> <span class='ocrx_word' id='word_1_58' title='bbox 2096 1663 2462 1718; x_wconf 89' lang='lat' dir='ltr'>strenuum</span> <span class='ocrx_word' id='word_1_59' title='bbox 2508 1661 2578 1716; x_wconf 91' lang='lat' dir='ltr'>et</span> <span class='ocrx_word' id='word_1_60' title='bbox 2623 1648 2777 1738; x_wconf 89' lang='lat' dir='ltr'>pla-</span> 
     </span>
     <span class='ocr_line' id='line_1_11' title="bbox 787 1742 2777 1844; baseline -0.008 -14"><span class='ocrx_word' id='word_1_61' title='bbox 787 1760 1027 1830; x_wconf 88' lang='lat' dir='ltr'>cidum</span> <span class='ocrx_word' id='word_1_62' title='bbox 1081 1752 1663 1844; x_wconf 23' lang='lat' dir='ltr'>acrtractabilem.</span> <span class='ocrx_word' id='word_1_63' title='bbox 1767 1749 1912 1822; x_wconf 86' lang='lat' dir='ltr'>Sed</span> <span class='ocrx_word' id='word_1_64' title='bbox 1958 1750 2125 1819; x_wconf 88' lang='lat' dir='ltr'>satis</span> <span class='ocrx_word' id='word_1_65' title='bbox 2165 1767 2269 1822; x_wconf 92' lang='lat' dir='ltr'>est</span> <span class='ocrx_word' id='word_1_66' title='bbox 2310 1742 2777 1841; x_wconf 87' lang='lat' dir='ltr'>philosopha-</span> 
     </span>
     <span class='ocr_line' id='line_1_12' title="bbox 786 1848 2775 1948; baseline -0.006 -16"><span class='ocrx_word' id='word_1_67' title='bbox 786 1874 944 1932; x_wconf 83' lang='lat' dir='ltr'>tum</span> <span class='ocrx_word' id='word_1_68' title='bbox 974 1853 1064 1925; x_wconf 85' lang='lat' dir='ltr'>de</span> <span class='ocrx_word' id='word_1_69' title='bbox 1092 1855 1291 1948; x_wconf 91' lang='lat' dir='ltr'>equis</span> <span class='ocrx_word' id='word_1_70' title='bbox 1321 1867 1391 1924; x_wconf 87' lang='lat' dir='ltr'>et</span> <span class='ocrx_word' id='word_1_71' title='bbox 1419 1852 1795 1939; x_wconf 77' lang='lat' dir='ltr'>centauris,</span> <span class='ocrx_word' id='word_1_72' title='bbox 1882 1849 2081 1921; x_wconf 91' lang='lat' dir='ltr'>Bene</span> <span class='ocrx_word' id='word_1_73' title='bbox 2108 1852 2300 1937; x_wconf 85' lang='lat' dir='ltr'>vale,</span> <span class='ocrx_word' id='word_1_74' title='bbox 2351 1863 2420 1919; x_wconf 89' lang='lat' dir='ltr'>et</span> <span class='ocrx_word' id='word_1_75' title='bbox 2448 1848 2775 1921; x_wconf 87' lang='lat' dir='ltr'>rescribe.</span> 
     </span>
    </p>
   </div>
   <div class='ocr_carea' id='block_1_6' title="bbox 785 1951 1404 2049">
    <p class='ocr_par' dir='ltr' id='par_1_6' title="bbox 785 1951 1404 2049">
     <span class='ocr_line' id='line_1_13' title="bbox 785 1951 1404 2049; baseline -0.005 -17"><span class='ocrx_word' id='word_1_76' title='bbox 785 1957 924 2032; x_wconf 73' lang='lat' dir='ltr'>Die</span> <span class='ocrx_word' id='word_1_77' title='bbox 963 1955 1081 2032; x_wconf 78' lang='lat'>14.</span> <span class='ocrx_word' id='word_1_78' title='bbox 1113 1955 1295 2027; x_wconf 68' lang='lat' dir='ltr'>Maii</span> <span class='ocrx_word' id='word_1_79' title='bbox 1321 1951 1404 2049; x_wconf 83' lang='lat'>²).</span> 
     </span>
    </p>
   </div>
   <div class='ocr_carea' id='block_1_7' title="bbox 805 2039 2773 2551">
    <p class='ocr_par' dir='ltr' id='par_1_7' title="bbox 805 2039 2773 2551">
     <span class='ocr_line' id='line_1_14' title="bbox 1819 2039 2677 2163; baseline 0.003 -25"><span class='ocrx_word' id='word_1_80' title='bbox 1819 2063 2198 2163; x_wconf 83' lang='lat' dir='ltr'>Philippus</span> <span class='ocrx_word' id='word_1_81' title='bbox 2224 2039 2677 2141; x_wconf 81' lang='lat' dir='ltr'>Melanthon.</span> 
     </span>
     <span class='ocr_line' id='line_1_15' title="bbox 818 2413 2755 2492; baseline -0.008 -2"><span class='ocrx_word' id='word_1_82' title='bbox 818 2418 953 2492; x_wconf 86' lang='lat' dir='ltr'>No.</span> <span class='ocrx_word' id='word_1_83' title='bbox 987 2413 1214 2490; x_wconf 79' lang='lat'><strong><em>2705.</em></strong></span> <span class='ocrx_word' id='word_1_84' title='bbox 2434 2423 2549 2484; x_wconf 83' lang='lat'>18.</span> <span class='ocrx_word' id='word_1_85' title='bbox 2582 2413 2755 2478; x_wconf 73' lang='lat' dir='ltr'>Mau.</span> 
     </span>
     <span class='ocr_line' id='line_1_16' title="bbox 805 2505 2773 2551; baseline -0.01 1"><span class='ocrx_word' id='word_1_86' title='bbox 805 2515 1231 2551; x_wconf 55' lang='grc' dir='ltr'><strong>Μ</strong></span> <span class='ocrx_word' id='word_1_87' title='bbox 2428 2505 2773 2537; x_wconf 46' lang='grc' dir='ltr'>..ρ-Ν</span> 
     </span>
    </p>
   </div>
   <div class='ocr_carea' id='block_1_8' title="bbox 928 2592 2304 2846">
    <p class='ocr_par' dir='ltr' id='par_1_8' title="bbox 928 2592 2304 2846">
     <span class='ocr_line' id='line_1_17' title="bbox 1317 2592 2260 2682; baseline -0.005 -1"><span class='ocrx_word' id='word_1_88' title='bbox 1317 2592 1514 2682; x_wconf 77' lang='lat' dir='ltr'>Nic.</span> <span class='ocrx_word' id='word_1_89' title='bbox 1576 2592 2260 2679; x_wconf 78' lang='lat' dir='ltr'>Buscoducensi.</span> 
     </span>
     <span class='ocr_line' id='line_1_18' title="bbox 928 2771 2304 2846; baseline -0.001 -18"><span class='ocrx_word' id='word_1_90' title='bbox 928 2772 1087 2829; x_wconf 78' lang='lat' dir='ltr'>Edita</span> <span class='ocrx_word' id='word_1_91' title='bbox 1113 2774 1171 2829; x_wconf 87' lang='lat' dir='ltr'>in</span> <span class='ocrx_word' id='word_1_92' title='bbox 1198 2772 1480 2829; x_wconf 74' lang='lat' dir='ltr'>Gabbema</span> <span class='ocrx_word' id='word_1_93' title='bbox 1506 2773 1659 2846; x_wconf 82' lang='lat' dir='ltr'>epist.</span> <span class='ocrx_word' id='word_1_94' title='bbox 1683 2772 1884 2830; x_wconf 69' lang='lat' dir='ltr'>claror.</span> <span class='ocrx_word' id='word_1_95' title='bbox 1911 2772 2077 2829; x_wconf 75' lang='lat' dir='ltr'>viror.</span> <span class='ocrx_word' id='word_1_96' title='bbox 2108 2791 2194 2845; x_wconf 81' lang='lat' dir='ltr'>ep.</span> <span class='ocrx_word' id='word_1_97' title='bbox 2216 2771 2304 2827; x_wconf 76' lang='lat'>92.</span> 
     </span>
    </p>
   </div>
   <div class='ocr_carea' id='block_1_9' title="bbox 789 2923 2782 3220">
    <p class='ocr_par' dir='ltr' id='par_1_9' title="bbox 789 2923 2782 3220">
     <span class='ocr_line' id='line_1_19' title="bbox 795 2923 2782 3027; baseline -0.003 -22"><span class='ocrx_word' id='word_1_98' title='bbox 795 2925 992 3005; x_wconf 63' lang='lat' dir='ltr'>[siro</span> <span class='ocrx_word' id='word_1_99' title='bbox 1037 2928 1309 3027; x_wconf 78' lang='lat' dir='ltr'>optimo</span> <span class='ocrx_word' id='word_1_100' title='bbox 1324 2986 1344 3015; x_wconf 87' lang='lat'>,</span> <span class='ocrx_word' id='word_1_101' title='bbox 1397 2938 1461 3000; x_wconf 75' lang='lat' dir='ltr'>el</span> <span class='ocrx_word' id='word_1_102' title='bbox 1496 2925 1777 3001; x_wconf 76' lang='lat' dir='ltr'>eximia</span> <span class='ocrx_word' id='word_1_103' title='bbox 1813 2925 2216 3000; x_wconf 75' lang='lat' dir='ltr'>eruditione</span> <span class='ocrx_word' id='word_1_104' title='bbox 2244 2924 2581 3025; x_wconf 78' lang='lat' dir='ltr'>praedito</span> <span class='ocrx_word' id='word_1_105' title='bbox 2603 2984 2625 3014; x_wconf 86' lang='lat'>,</span> <span class='ocrx_word' id='word_1_106' title='bbox 2673 2923 2782 2999; x_wconf 89' lang='lat' dir='ltr'>D.</span> 
     </span>
     <span class='ocr_line' id='line_1_20' title="bbox 789 3025 2779 3125; baseline -0.003 -19"><span class='ocrx_word' id='word_1_107' title='bbox 789 3025 1203 3107; x_wconf 78' lang='lat' dir='ltr'>Nicolao</span> <span class='ocrx_word' id='word_1_108' title='bbox 1242 3026 1385 3101; x_wconf 76' lang='lat' dir='ltr'>Bu</span> <span class='ocrx_word' id='word_1_109' title='bbox 1405 3055 1442 3100; x_wconf 84' lang='lat' dir='ltr'>s</span> <span class='ocrx_word' id='word_1_110' title='bbox 1462 3027 1980 3117; x_wconf 81' lang='lat' dir='ltr'>coducensi,</span> <span class='ocrx_word' id='word_1_111' title='bbox 2037 3029 2494 3125; x_wconf 76' lang='lat' dir='ltr'>gubernanti</span> <span class='ocrx_word' id='word_1_112' title='bbox 2522 3026 2779 3100; x_wconf 75' lang='lat' dir='ltr'>studia</span> 
     </span>
     <span class='ocr_line' id='line_1_21' title="bbox 918 3128 2653 3220; baseline -0.001 -16"><span class='ocrx_word' id='word_1_113' title='bbox 918 3130 1303 3205; x_wconf 68' lang='lat' dir='ltr'>literarum</span> <span class='ocrx_word' id='word_1_114' title='bbox 1339 3129 1742 3206; x_wconf 83' lang='lat' dir='ltr'>Wsaliae</span> <span class='ocrx_word' id='word_1_115' title='bbox 1757 3188 1779 3220; x_wconf 99' lang='lat'>,</span> <span class='ocrx_word' id='word_1_116' title='bbox 1829 3131 2066 3204; x_wconf 84' lang='lat' dir='ltr'>amico</span> <span class='ocrx_word' id='word_1_117' title='bbox 2095 3157 2231 3205; x_wconf 80' lang='lat' dir='ltr'>suo</span> <span class='ocrx_word' id='word_1_118' title='bbox 2266 3128 2653 3203; x_wconf 54' lang='lat' dir='ltr'>carissimo</span> 
     </span>
    </p>
   </div>
   <div class='ocr_carea' id='block_1_10' title="bbox 1677 3228 1903 3304">
    <p class='ocr_par' dir='ltr' id='par_1_10' title="bbox 1677 3228 1903 3304">
     <span class='ocr_line' id='line_1_22' title="bbox 1677 3228 1903 3304; baseline -0.009 0"><span class='ocrx_word' id='word_1_119' title='bbox 1677 3230 1761 3304; x_wconf 88' lang='lat' dir='ltr'>S.</span> <span class='ocrx_word' id='word_1_120' title='bbox 1794 3228 1903 3303; x_wconf 89' lang='lat' dir='ltr'>D.</span> 
     </span>
    </p>
   </div>
   <div class='ocr_carea' id='block_1_11' title="bbox 788 3351 2782 4162">
    <p class='ocr_par' dir='ltr' id='par_1_11' title="bbox 788 3351 2782 4162">
     <span class='ocr_line' id='line_1_23' title="bbox 788 3351 2782 3462; baseline -0.004 -20"><span class='ocrx_word' id='word_1_121' title='bbox 788 3351 1028 3461; x_wconf 85' lang='lat' dir='ltr'>Saepe</span> <span class='ocrx_word' id='word_1_122' title='bbox 1047 3364 1185 3438; x_wconf 86' lang='lat' dir='ltr'>hoc</span> <span class='ocrx_word' id='word_1_123' title='bbox 1207 3368 1381 3437; x_wconf 88' lang='lat' dir='ltr'>belli</span> <span class='ocrx_word' id='word_1_124' title='bbox 1401 3361 1477 3462; x_wconf 79' lang='lat'>*)</span> <span class='ocrx_word' id='word_1_125' title='bbox 1500 3381 1815 3458; x_wconf 84' lang='lat' dir='ltr'>ternpore</span> <span class='ocrx_word' id='word_1_126' title='bbox 1836 3368 1924 3436; x_wconf 94' lang='lat' dir='ltr'>de</span> <span class='ocrx_word' id='word_1_127' title='bbox 1943 3380 2011 3436; x_wconf 93' lang='lat' dir='ltr'>te</span> <span class='ocrx_word' id='word_1_128' title='bbox 2031 3379 2099 3437; x_wconf 87' lang='lat' dir='ltr'>et</span> <span class='ocrx_word' id='word_1_129' title='bbox 2117 3389 2242 3457; x_wconf 88' lang='lat' dir='ltr'>ego</span> <span class='ocrx_word' id='word_1_130' title='bbox 2262 3380 2329 3435; x_wconf 92' lang='lat' dir='ltr'>et</span> <span class='ocrx_word' id='word_1_131' title='bbox 2345 3366 2554 3436; x_wconf 86' lang='lat' dir='ltr'>amici</span> <span class='ocrx_word' id='word_1_132' title='bbox 2571 3366 2782 3437; x_wconf 89' lang='lat' dir='ltr'>multi</span> 
     </span>
     <span class='ocr_line' id='line_1_24' title="bbox 789 3468 2779 3561; baseline -0.002 -21"><span class='ocrx_word' id='word_1_133' title='bbox 789 3474 876 3540; x_wconf 85' lang='lat' dir='ltr'>in</span> <span class='ocrx_word' id='word_1_134' title='bbox 903 3482 1145 3539; x_wconf 87' lang='lat' dir='ltr'>nostra</span> <span class='ocrx_word' id='word_1_135' title='bbox 1169 3468 1548 3539; x_wconf 81' lang='lat' dir='ltr'>Academia</span> <span class='ocrx_word' id='word_1_136' title='bbox 1585 3468 1801 3537; x_wconf 89' lang='lat' dir='ltr'>locuti</span> <span class='ocrx_word' id='word_1_137' title='bbox 1833 3490 2096 3550; x_wconf 87' lang='lat' dir='ltr'>sumus,</span> <span class='ocrx_word' id='word_1_138' title='bbox 2147 3484 2352 3561; x_wconf 91' lang='lat' dir='ltr'>teque</span> <span class='ocrx_word' id='word_1_139' title='bbox 2381 3469 2779 3558; x_wconf 85' lang='lat' dir='ltr'>optavimus</span> 
     </span>
     <span class='ocr_line' id='line_1_25' title="bbox 790 3564 2780 3661; baseline -0.002 -21"><span class='ocrx_word' id='word_1_140' title='bbox 790 3572 910 3641; x_wconf 73' lang='lat' dir='ltr'>vel</span> <span class='ocrx_word' id='word_1_141' title='bbox 940 3573 1129 3661; x_wconf 86' lang='lat' dir='ltr'>apud</span> <span class='ocrx_word' id='word_1_142' title='bbox 1161 3593 1327 3653; x_wconf 90' lang='lat' dir='ltr'>nos,</span> <span class='ocrx_word' id='word_1_143' title='bbox 1377 3570 1491 3637; x_wconf 88' lang='lat' dir='ltr'>vel</span> <span class='ocrx_word' id='word_1_144' title='bbox 1519 3567 1701 3638; x_wconf 84' lang='lat' dir='ltr'>&#39;alibi</span> <span class='ocrx_word' id='word_1_145' title='bbox 1734 3569 2191 3660; x_wconf 82' lang='lat' dir='ltr'>tranquillam</span> <span class='ocrx_word' id='word_1_146' title='bbox 2236 3572 2471 3637; x_wconf 89' lang='lat' dir='ltr'>sedem</span> <span class='ocrx_word' id='word_1_147' title='bbox 2522 3569 2600 3639; x_wconf 87' lang='lat' dir='ltr'>in</span> <span class='ocrx_word' id='word_1_148' title='bbox 2646 3564 2780 3638; x_wconf 89' lang='lat' dir='ltr'>hac</span> 
     </span>
     <span class='ocr_line' id='line_1_26' title="bbox 792 3666 2777 3762; baseline -0.004 -17"><span class='ocrx_word' id='word_1_149' title='bbox 792 3688 919 3745; x_wconf 85' lang='lat' dir='ltr'>tua</span> <span class='ocrx_word' id='word_1_150' title='bbox 948 3685 1223 3740; x_wconf 85' lang='lat' dir='ltr'>senecta</span> <span class='ocrx_word' id='word_1_151' title='bbox 1257 3666 1538 3743; x_wconf 84' lang='lat' dir='ltr'>habere.</span> <span class='ocrx_word' id='word_1_152' title='bbox 1606 3668 1988 3762; x_wconf 87' lang='lat' dir='ltr'>Postquam</span> <span class='ocrx_word' id='word_1_153' title='bbox 2015 3669 2232 3757; x_wconf 80' lang='lat' dir='ltr'>igitur</span> <span class='ocrx_word' id='word_1_154' title='bbox 2260 3667 2584 3738; x_wconf 89' lang='lat' dir='ltr'>Bonnam</span> <span class='ocrx_word' id='word_1_155' title='bbox 2615 3671 2777 3739; x_wconf 86' lang='lat' dir='ltr'>veni</span> 
     </span>
     <span class='ocr_line' id='line_1_27' title="bbox 794 3767 2779 3856; baseline -0.002 -13"><span class='ocrx_word' id='word_1_156' title='bbox 794 3776 889 3844; x_wconf 88' lang='lat' dir='ltr'>ad</span> <span class='ocrx_word' id='word_1_157' title='bbox 912 3767 1323 3856; x_wconf 83' lang='lat' dir='ltr'>Bucerum,</span> <span class='ocrx_word' id='word_1_158' title='bbox 1386 3795 1465 3840; x_wconf 90' lang='lat' dir='ltr'>ac</span> <span class='ocrx_word' id='word_1_159' title='bbox 1499 3771 1851 3855; x_wconf 86' lang='lat' dir='ltr'>intellexi,</span> <span class='ocrx_word' id='word_1_160' title='bbox 1917 3771 2457 3842; x_wconf 84' lang='lat' dir='ltr'>deliberationes</span> <span class='ocrx_word' id='word_1_161' title='bbox 2497 3794 2642 3840; x_wconf 90' lang='lat' dir='ltr'>esse</span> <span class='ocrx_word' id='word_1_162' title='bbox 2689 3773 2779 3840; x_wconf 85' lang='lat' dir='ltr'>de</span> 
     </span>
     <span class='ocr_line' id='line_1_28' title="bbox 795 3869 2778 3968; baseline -0.001 -25"><span class='ocrx_word' id='word_1_163' title='bbox 795 3873 1223 3968; x_wconf 89' lang='lat' dir='ltr'>quaerendis</span> <span class='ocrx_word' id='word_1_164' title='bbox 1251 3869 1729 3942; x_wconf 86' lang='lat' dir='ltr'>Ecclesiarum</span> <span class='ocrx_word' id='word_1_165' title='bbox 1779 3873 2406 3962; x_wconf 83' lang='lat' dir='ltr'>gubernatoribus,</span> <span class='ocrx_word' id='word_1_166' title='bbox 2475 3873 2778 3942; x_wconf 90' lang='lat' dir='ltr'>mentio-</span> 
     </span>
     <span class='ocr_line' id='line_1_29' title="bbox 792 3968 2778 4067; baseline -0.003 -22"><span class='ocrx_word' id='word_1_167' title='bbox 792 3995 960 4045; x_wconf 87' lang='lat' dir='ltr'>nem</span> <span class='ocrx_word' id='word_1_168' title='bbox 993 3975 1101 4044; x_wconf 93' lang='lat' dir='ltr'>tui</span> <span class='ocrx_word' id='word_1_169' title='bbox 1133 3973 1448 4047; x_wconf 80' lang='lat' dir='ltr'>fecimus.</span> <span class='ocrx_word' id='word_1_170' title='bbox 1548 3968 1644 4042; x_wconf 91' lang='lat' dir='ltr'>Et</span> <span class='ocrx_word' id='word_1_171' title='bbox 1678 3974 2060 4043; x_wconf 83' lang='lat' dir='ltr'>adfuerunt</span> <span class='ocrx_word' id='word_1_172' title='bbox 2094 3973 2250 4057; x_wconf 87' lang='lat' dir='ltr'>alii,</span> <span class='ocrx_word' id='word_1_173' title='bbox 2313 3972 2439 4067; x_wconf 91' lang='lat' dir='ltr'>qui</span> <span class='ocrx_word' id='word_1_174' title='bbox 2482 3968 2778 4043; x_wconf 90' lang='lat' dir='ltr'>honori-</span> 
     </span>
     <span class='ocr_line' id='line_1_30' title="bbox 792 4071 2777 4162; baseline -0.002 -16"><span class='ocrx_word' id='word_1_175' title='bbox 792 4077 926 4146; x_wconf 84' lang='lat' dir='ltr'>fico</span> <span class='ocrx_word' id='word_1_176' title='bbox 960 4075 1366 4145; x_wconf 88' lang='lat' dir='ltr'>testimonio</span> <span class='ocrx_word' id='word_1_177' title='bbox 1410 4088 1478 4144; x_wconf 86' lang='lat' dir='ltr'>te</span> <span class='ocrx_word' id='word_1_178' title='bbox 1519 4076 1892 4147; x_wconf 86' lang='lat' dir='ltr'>ornabant.</span> <span class='ocrx_word' id='word_1_179' title='bbox 1993 4071 2232 4144; x_wconf 91' lang='lat' dir='ltr'>Iussus</span> <span class='ocrx_word' id='word_1_180' title='bbox 2272 4097 2428 4142; x_wconf 87' lang='lat' dir='ltr'>sum</span> <span class='ocrx_word' id='word_1_181' title='bbox 2472 4074 2692 4162; x_wconf 85' lang='lat' dir='ltr'>igitur</span> <span class='ocrx_word' id='word_1_182' title='bbox 2737 4098 2777 4143; x_wconf 89' lang='lat' dir='ltr'>a</span> 
     </span>
    </p>
   </div>
   <div class='ocr_carea' id='block_1_12' title="bbox 790 4171 4855 4319">
    <p class='ocr_par' dir='ltr' id='par_1_12' title="bbox 790 4171 4855 4319">
     <span class='ocr_line' id='line_1_31' title="bbox 790 4171 4855 4319; baseline 0.007 -75"><span class='ocrx_word' id='word_1_183' title='bbox 790 4175 885 4250; x_wconf 87' lang='lat' dir='ltr'>D.</span> <span class='ocrx_word' id='word_1_184' title='bbox 908 4171 1198 4246; x_wconf 84' lang='lat' dir='ltr'>Bucero</span> <span class='ocrx_word' id='word_1_185' title='bbox 1231 4177 1318 4245; x_wconf 90' lang='lat' dir='ltr'>ad</span> <span class='ocrx_word' id='word_1_186' title='bbox 1361 4188 1430 4245; x_wconf 90' lang='lat' dir='ltr'>te</span> <span class='ocrx_word' id='word_1_187' title='bbox 1473 4176 1808 4259; x_wconf 83' lang='lat' dir='ltr'>scribere,</span> <span class='ocrx_word' id='word_1_188' title='bbox 1870 4187 1952 4244; x_wconf 92' lang='lat' dir='ltr'>ut</span> <span class='ocrx_word' id='word_1_189' title='bbox 1995 4174 2108 4242; x_wconf 87' lang='lat' dir='ltr'>vel</span> <span class='ocrx_word' id='word_1_190' title='bbox 2149 4174 2371 4243; x_wconf 91' lang='lat' dir='ltr'>literis</span> <span class='ocrx_word' id='word_1_191' title='bbox 2412 4189 2606 4244; x_wconf 89' lang='lat' dir='ltr'>tuam</span> <span class='ocrx_word' id='word_1_192' title='bbox 2647 4200 2800 4278; x_wconf 24' lang='lat' dir='ltr'>xro-¹</span> <span class='ocrx_word' id='word_1_193' title='bbox 2834 4197 2952 4292; x_wconf 60' lang='lat' dir='ltr'>*in</span> <span class='ocrx_word' id='word_1_194' title='bbox 2993 4223 3246 4294; x_wconf 61' lang='lat' dir='ltr'>vicinis</span> <span class='ocrx_word' id='word_1_195' title='bbox 3292 4224 3566 4317; x_wconf 54' lang='lat' dir='ltr'>aliquot</span> <span class='ocrx_word' id='word_1_196' title='bbox 3610 4226 3891 4318; x_wconf 61' lang='lat' dir='ltr'>oppidis</span> <span class='ocrx_word' id='word_1_197' title='bbox 3934 4240 4001 4298; x_wconf 66' lang='lat' dir='ltr'>et</span> <span class='ocrx_word' id='word_1_198' title='bbox 4040 4228 4273 4319; x_wconf 60' lang='lat' dir='ltr'>pagis,</span> <span class='ocrx_word' id='word_1_199' title='bbox 4340 4215 4467 4319; x_wconf 59' lang='grc' dir='ltr'>φῖ</span> <span class='ocrx_word' id='word_1_200' title='bbox 4496 4224 4679 4296; x_wconf 50' lang='lat' dir='ltr'>recte</span> <span class='ocrx_word' id='word_1_201' title='bbox 4714 4227 4855 4297; x_wconf 70' lang='lat' dir='ltr'><strong>do..</strong></span> 
     </span>
    </p>
   </div>
   <div class='ocr_carea' id='block_1_13' title="bbox 789 4270 2778 5174">
    <p class='ocr_par' dir='ltr' id='par_1_13' title="bbox 789 4270 2778 5174">
     <span class='ocr_line' id='line_1_32' title="bbox 790 4270 2774 4367; baseline -0.003 -19"><span class='ocrx_word' id='word_1_202' title='bbox 790 4280 1141 4350; x_wconf 89' lang='lat' dir='ltr'>luntatem</span> <span class='ocrx_word' id='word_1_203' title='bbox 1169 4276 1514 4365; x_wconf 86' lang='lat' dir='ltr'>significes</span> <span class='ocrx_word' id='word_1_204' title='bbox 1534 4331 1556 4360; x_wconf 90' lang='lat'>,</span> <span class='ocrx_word' id='word_1_205' title='bbox 1604 4276 1719 4346; x_wconf 83' lang='lat' dir='ltr'>vel</span> <span class='ocrx_word' id='word_1_206' title='bbox 1749 4277 1896 4367; x_wconf 90' lang='lat' dir='ltr'>ipse</span> <span class='ocrx_word' id='word_1_207' title='bbox 1924 4270 2065 4346; x_wconf 90' lang='lat' dir='ltr'>huc</span> <span class='ocrx_word' id='word_1_208' title='bbox 2095 4276 2374 4360; x_wconf 87' lang='lat' dir='ltr'>venias,</span> <span class='ocrx_word' id='word_1_209' title='bbox 2427 4289 2506 4346; x_wconf 90' lang='lat' dir='ltr'>ut</span> <span class='ocrx_word' id='word_1_210' title='bbox 2536 4300 2774 4345; x_wconf 85' lang='lat' dir='ltr'>coram</span> 
     </span>
     <span class='ocr_line' id='line_1_33' title="bbox 792 4375 2778 4469; baseline -0.003 -20"><span class='ocrx_word' id='word_1_211' title='bbox 792 4382 882 4450; x_wconf 91' lang='lat' dir='ltr'>de</span> <span class='ocrx_word' id='word_1_212' title='bbox 913 4404 1208 4451; x_wconf 89' lang='lat' dir='ltr'>munere</span> <span class='ocrx_word' id='word_1_213' title='bbox 1241 4375 1729 4449; x_wconf 82' lang='lat' dir='ltr'>Ecclesiastico</span> <span class='ocrx_word' id='word_1_214' title='bbox 1761 4379 2167 4448; x_wconf 89' lang='lat' dir='ltr'>mandando</span> <span class='ocrx_word' id='word_1_215' title='bbox 2205 4389 2432 4446; x_wconf 88' lang='lat' dir='ltr'>tecum</span> <span class='ocrx_word' id='word_1_216' title='bbox 2466 4378 2576 4468; x_wconf 83' lang='lat' dir='ltr'>agi</span> <span class='ocrx_word' id='word_1_217' title='bbox 2609 4400 2778 4469; x_wconf 89' lang='lat' dir='ltr'>pos-</span> 
     </span>
     <span class='ocr_line' id='line_1_34' title="bbox 793 4475 2775 4570; baseline 0.001 -21"><span class='ocrx_word' id='word_1_218' title='bbox 793 4482 923 4563; x_wconf 86' lang='lat' dir='ltr'>sit,</span> <span class='ocrx_word' id='word_1_219' title='bbox 1000 4494 1071 4549; x_wconf 91' lang='lat' dir='ltr'>et</span> <span class='ocrx_word' id='word_1_220' title='bbox 1127 4492 1207 4549; x_wconf 93' lang='lat' dir='ltr'>tu</span> <span class='ocrx_word' id='word_1_221' title='bbox 1259 4475 1377 4549; x_wconf 87' lang='lat' dir='ltr'>hic</span> <span class='ocrx_word' id='word_1_222' title='bbox 1435 4503 1669 4550; x_wconf 88' lang='lat' dir='ltr'>rerum</span> <span class='ocrx_word' id='word_1_223' title='bbox 1733 4479 2054 4568; x_wconf 85' lang='lat' dir='ltr'>omnium</span> <span class='ocrx_word' id='word_1_224' title='bbox 2114 4483 2374 4549; x_wconf 83' lang='lat' dir='ltr'>statum</span> <span class='ocrx_word' id='word_1_225' title='bbox 2436 4480 2775 4570; x_wconf 81' lang='lat' dir='ltr'>explores.</span> 
     </span>
     <span class='ocr_line' id='line_1_35' title="bbox 789 4577 2776 4669; baseline -0.002 -19"><span class='ocrx_word' id='word_1_226' title='bbox 789 4579 1147 4669; x_wconf 88' lang='lat' dir='ltr'>Principis</span> <span class='ocrx_word' id='word_1_227' title='bbox 1187 4577 1633 4649; x_wconf 87' lang='lat' dir='ltr'>Coloniensis</span> <span class='ocrx_word' id='word_1_228' title='bbox 1676 4580 2114 4649; x_wconf 88' lang='lat' dir='ltr'>voluntatem</span> <span class='ocrx_word' id='word_1_229' title='bbox 2161 4580 2237 4648; x_wconf 95' lang='lat' dir='ltr'>in</span> <span class='ocrx_word' id='word_1_230' title='bbox 2283 4582 2776 4651; x_wconf 86' lang='lat' dir='ltr'>emendatione</span> 
     </span>
     <span class='ocr_line' id='line_1_36' title="bbox 789 4677 2778 4769; baseline -0.003 -16"><span class='ocrx_word' id='word_1_231' title='bbox 789 4677 1270 4753; x_wconf 88' lang='lat' dir='ltr'>Ecclesiarum</span> <span class='ocrx_word' id='word_1_232' title='bbox 1331 4680 1523 4769; x_wconf 84' lang='lat' dir='ltr'>piam</span> <span class='ocrx_word' id='word_1_233' title='bbox 1587 4692 1657 4747; x_wconf 89' lang='lat' dir='ltr'>et</span> <span class='ocrx_word' id='word_1_234' title='bbox 1717 4678 1993 4747; x_wconf 85' lang='lat' dir='ltr'>firmam</span> <span class='ocrx_word' id='word_1_235' title='bbox 2058 4701 2204 4747; x_wconf 85' lang='lat' dir='ltr'>esse</span> <span class='ocrx_word' id='word_1_236' title='bbox 2267 4680 2778 4750; x_wconf 87' lang='lat' dir='ltr'>animadverto.</span> 
     </span>
     <span class='ocr_line' id='line_1_37' title="bbox 790 4774 2776 4870; baseline -0.001 -20"><span class='ocrx_word' id='word_1_237' title='bbox 790 4780 1059 4851; x_wconf 85' lang='lat' dir='ltr'>Venies</span> <span class='ocrx_word' id='word_1_238' title='bbox 1089 4780 1306 4870; x_wconf 79' lang='lat' dir='ltr'>igitur</span> <span class='ocrx_word' id='word_1_239' title='bbox 1331 4776 1659 4848; x_wconf 87' lang='lat' dir='ltr'>Bonnam</span> <span class='ocrx_word' id='word_1_240' title='bbox 1705 4780 1793 4847; x_wconf 84' lang='lat' dir='ltr'>ad</span> <span class='ocrx_word' id='word_1_241' title='bbox 1818 4774 2221 4867; x_wconf 81' lang='lat' dir='ltr'>Bucerum,</span> <span class='ocrx_word' id='word_1_242' title='bbox 2281 4792 2404 4849; x_wconf 90' lang='lat' dir='ltr'>aut</span> <span class='ocrx_word' id='word_1_243' title='bbox 2449 4795 2633 4851; x_wconf 88' lang='lat' dir='ltr'>certe</span> <span class='ocrx_word' id='word_1_244' title='bbox 2678 4782 2776 4848; x_wconf 89' lang='lat' dir='ltr'>si-</span> 
     </span>
     <span class='ocr_line' id='line_1_38' title="bbox 789 4878 2775 4975; baseline -0.002 -23"><span class='ocrx_word' id='word_1_245' title='bbox 789 4882 1156 4975; x_wconf 79' lang='lat' dir='ltr'>gnificabis</span> <span class='ocrx_word' id='word_1_246' title='bbox 1191 4894 1386 4951; x_wconf 90' lang='lat' dir='ltr'>tuam</span> <span class='ocrx_word' id='word_1_247' title='bbox 1415 4880 1876 4951; x_wconf 85' lang='lat' dir='ltr'>voluntatem.</span> <span class='ocrx_word' id='word_1_248' title='bbox 1978 4878 2210 4949; x_wconf 90' lang='lat' dir='ltr'>Deum</span> <span class='ocrx_word' id='word_1_249' title='bbox 2243 4893 2605 4950; x_wconf 87' lang='lat' dir='ltr'>aeternum</span> <span class='ocrx_word' id='word_1_250' title='bbox 2637 4879 2775 4949; x_wconf 90' lang='lat' dir='ltr'>Pa-</span> 
     </span>
     <span class='ocr_line' id='line_1_39' title="bbox 790 4974 2772 5065; baseline -0.002 -10"><span class='ocrx_word' id='word_1_251' title='bbox 790 4999 972 5056; x_wconf 89' lang='lat' dir='ltr'>trem</span> <span class='ocrx_word' id='word_1_252' title='bbox 1001 4983 1298 5054; x_wconf 91' lang='lat' dir='ltr'>Domini</span> <span class='ocrx_word' id='word_1_253' title='bbox 1333 4982 1556 5052; x_wconf 85' lang='lat' dir='ltr'>nostri</span> <span class='ocrx_word' id='word_1_254' title='bbox 1592 4977 1745 5050; x_wconf 89' lang='lat' dir='ltr'>Iesu</span> <span class='ocrx_word' id='word_1_255' title='bbox 1778 4974 2047 5050; x_wconf 85' lang='lat' dir='ltr'>Christi</span> <span class='ocrx_word' id='word_1_256' title='bbox 2077 5005 2204 5050; x_wconf 90' lang='lat' dir='ltr'>oro</span> <span class='ocrx_word' id='word_1_257' title='bbox 2224 5034 2245 5065; x_wconf 94' lang='lat'>,</span> <span class='ocrx_word' id='word_1_258' title='bbox 2310 4995 2391 5052; x_wconf 94' lang='lat' dir='ltr'>ut</span> <span class='ocrx_word' id='word_1_259' title='bbox 2418 4994 2487 5051; x_wconf 93' lang='lat' dir='ltr'>te</span> <span class='ocrx_word' id='word_1_260' title='bbox 2521 4995 2772 5062; x_wconf 86' lang='lat' dir='ltr'>servet,</span> 
     </span>
     <span class='ocr_line' id='line_1_40' title="bbox 791 5080 2771 5174; baseline -0.001 -17"><span class='ocrx_word' id='word_1_261' title='bbox 791 5100 862 5157; x_wconf 89' lang='lat' dir='ltr'>et</span> <span class='ocrx_word' id='word_1_262' title='bbox 921 5086 1002 5154; x_wconf 90' lang='lat' dir='ltr'>in</span> <span class='ocrx_word' id='word_1_263' title='bbox 1064 5084 1298 5154; x_wconf 90' lang='lat' dir='ltr'>locum</span> <span class='ocrx_word' id='word_1_264' title='bbox 1360 5082 1826 5174; x_wconf 86' lang='lat' dir='ltr'>tranquillum</span> <span class='ocrx_word' id='word_1_265' title='bbox 1892 5083 2234 5156; x_wconf 85' lang='lat' dir='ltr'>traducat.</span> <span class='ocrx_word' id='word_1_266' title='bbox 2346 5080 2546 5152; x_wconf 94' lang='lat' dir='ltr'>Bene</span> <span class='ocrx_word' id='word_1_267' title='bbox 2594 5082 2771 5155; x_wconf 88' lang='lat' dir='ltr'>vale.</span> 
     </span>
    </p>
   </div>
   <div class='ocr_carea' id='block_1_14' title="bbox 789 5179 2675 5412">
    <p class='ocr_par' dir='ltr' id='par_1_14' title="bbox 789 5179 2675 5412">
     <span class='ocr_line' id='line_1_41' title="bbox 789 5179 1829 5273; baseline -0.001 -15"><span class='ocrx_word' id='word_1_268' title='bbox 789 5183 1123 5273; x_wconf 90' lang='lat' dir='ltr'>Bonnae,</span> <span class='ocrx_word' id='word_1_269' title='bbox 1174 5187 1288 5256; x_wconf 90' lang='lat' dir='ltr'>die</span> <span class='ocrx_word' id='word_1_270' title='bbox 1319 5179 1594 5260; x_wconf 89' lang='lat' dir='ltr'>xvlll.</span> <span class='ocrx_word' id='word_1_271' title='bbox 1621 5181 1829 5257; x_wconf 89' lang='lat' dir='ltr'>Maii.</span> 
     </span>
     <span class='ocr_line' id='line_1_42' title="bbox 1819 5311 2675 5412; baseline 0.004 -23"><span class='ocrx_word' id='word_1_272' title='bbox 1819 5311 2198 5412; x_wconf 88' lang='lat' dir='ltr'>Philippus</span> <span class='ocrx_word' id='word_1_273' title='bbox 2225 5311 2675 5393; x_wconf 89' lang='lat' dir='ltr'>Melanthon.</span> 
     </span>
    </p>
   </div>
   <div class='ocr_carea' id='block_1_15' title="bbox 808 5473 1211 5489">
    <p class='ocr_par' dir='ltr' id='par_1_15' title="bbox 808 5473 1211 5489">
     <span class='ocr_line' id='line_1_43' title="bbox 808 5473 1211 5489; baseline 0 1428"><span class='ocrx_word' id='word_1_274' title='bbox 808 5473 1211 5489; x_wconf 95' lang='lat' dir='ltr'> </span> 
     </span>
    </p>
   </div>
   <div class='ocr_carea' id='block_1_16' title="bbox 849 5619 2050 5864">
    <p class='ocr_par' dir='ltr' id='par_1_16' title="bbox 849 5619 2050 5864">
     <span class='ocr_line' id='line_1_44' title="bbox 855 5619 1782 5708; baseline -0.001 -32"><span class='ocrx_word' id='word_1_275' title='bbox 855 5624 915 5685; x_wconf 80' lang='lat'>1)</span> <span class='ocrx_word' id='word_1_276' title='bbox 957 5621 1095 5679; x_wconf 76' lang='lat' dir='ltr'>cod.</span> <span class='ocrx_word' id='word_1_277' title='bbox 1123 5621 1345 5676; x_wconf 75' lang='lat' dir='ltr'>Monac.</span> <span class='ocrx_word' id='word_1_278' title='bbox 1368 5619 1455 5676; x_wconf 87' lang='lat'>90.</span> <span class='ocrx_word' id='word_1_279' title='bbox 1483 5621 1782 5708; x_wconf 57' lang='lat' dir='ltr'>habemus.</span> 
     </span>
     <span class='ocr_line' id='line_1_45' title="bbox 852 5703 1683 5778; baseline -0.008 -14"><span class='ocrx_word' id='word_1_280' title='bbox 852 5708 909 5778; x_wconf 75' lang='lat'>2)</span> <span class='ocrx_word' id='word_1_281' title='bbox 947 5706 1085 5763; x_wconf 80' lang='lat' dir='ltr'>Cod.</span> <span class='ocrx_word' id='word_1_282' title='bbox 1111 5707 1333 5762; x_wconf 77' lang='lat' dir='ltr'>Monac.</span> <span class='ocrx_word' id='word_1_283' title='bbox 1359 5703 1445 5759; x_wconf 84' lang='lat'>90.</span> <span class='ocrx_word' id='word_1_284' title='bbox 1475 5703 1683 5757; x_wconf 71' lang='lat' dir='ltr'>Mureti.</span> 
     </span>
     <span class='ocr_line' id='line_1_46' title="bbox 849 5782 2050 5864; baseline -0.003 -16"><span class='ocrx_word' id='word_1_285' title='bbox 849 5782 916 5864; x_wconf 49' lang='grc' dir='ltr'>ἢ</span> <span class='ocrx_word' id='word_1_286' title='bbox 948 5787 1130 5850; x_wconf 78' lang='lat' dir='ltr'>Caroli</span> <span class='ocrx_word' id='word_1_287' title='bbox 1155 5790 1408 5844; x_wconf 74' lang='lat' dir='ltr'>adversus</span> <span class='ocrx_word' id='word_1_288' title='bbox 1433 5786 1650 5845; x_wconf 78' lang='lat' dir='ltr'>Ducem</span> <span class='ocrx_word' id='word_1_289' title='bbox 1679 5785 2050 5847; x_wconf 68' lang='lat' dir='ltr'>tulissem.</span> 
     </span>
    </p>
   </div>
   <div class='ocr_carea' id='block_1_17' title="bbox 1929 631 3785 720">
    <p class='ocr_par' dir='ltr' id='par_1_17' title="bbox 1929 631 3785 720">
     <span class='ocr_line' id='line_1_47' title="bbox 1929 631 3785 720; baseline 0.004 -10"><span class='ocrx_word' id='word_1_290' title='bbox 1929 631 2809 712; x_wconf 82' lang='lat' dir='ltr'><strong>EPISTOLARUM</strong></span> <span class='ocrx_word' id='word_1_291' title='bbox 2912 639 3128 716; x_wconf 85' lang='lat' dir='ltr'>LIB.</span> <span class='ocrx_word' id='word_1_292' title='bbox 3198 641 3326 719; x_wconf 81' lang='lat' dir='ltr'>lx,</span> <span class='ocrx_word' id='word_1_293' title='bbox 3438 641 3696 720; x_wconf 78' lang='lat'><strong><em>1543.</em></strong></span> <span class='ocrx_word' id='word_1_294' title='bbox 3766 648 3785 654; x_wconf 88' lang='grc'><em>“</em></span> 
     </span>
    </p>
   </div>
   <div class='ocr_carea' id='block_1_18' title="bbox 4702 648 4852 719">
    <p class='ocr_par' dir='ltr' id='par_1_18' title="bbox 4702 648 4852 719">
     <span class='ocr_line' id='line_1_48' title="bbox 4702 648 4852 719; baseline 0 0"><span class='ocrx_word' id='word_1_295' title='bbox 4702 648 4852 719; x_wconf 76' lang='lat'>112</span> 
     </span>
    </p>
   </div>
   <div class='ocr_carea' id='block_1_19' title="bbox 2871 803 4837 889">
    <p class='ocr_par' dir='ltr' id='par_1_19' title="bbox 2871 803 4837 889">
     <span class='ocr_line' id='line_1_49' title="bbox 2871 803 4837 889; baseline 0.003 -9"><span class='ocrx_word' id='word_1_296' title='bbox 2871 807 2999 884; x_wconf 85' lang='lat' dir='ltr'>No.</span> <span class='ocrx_word' id='word_1_297' title='bbox 3032 812 3258 888; x_wconf 76' lang='lat'><strong><em>2706.</em></strong></span> <span class='ocrx_word' id='word_1_298' title='bbox 4418 803 4424 813; x_wconf 43' lang='lat'>¹</span> <span class='ocrx_word' id='word_1_299' title='bbox 4516 828 4627 889; x_wconf 86' lang='lat'>19.</span> <span class='ocrx_word' id='word_1_300' title='bbox 4659 819 4837 885; x_wconf 74' lang='lat' dir='ltr'>Maii.</span> 
     </span>
    </p>
   </div>
   <div class='ocr_carea' id='block_1_20' title="bbox 2882 907 3224 936">
    <p class='ocr_par' dir='ltr' id='par_1_20' title="bbox 2882 907 3224 936">
     <span class='ocr_line' id='line_1_50' title="bbox 2882 907 3224 936; baseline 0 5981"><span class='ocrx_word' id='word_1_301' title='bbox 2882 907 3224 936; x_wconf 95' lang='lat' dir='ltr'> </span> 
     </span>
    </p>
   </div>
   <div class='ocr_carea' id='block_1_21' title="bbox 4498 911 4847 942">
    <p class='ocr_par' dir='ltr' id='par_1_21' title="bbox 4498 911 4847 942">
     <span class='ocr_line' id='line_1_51' title="bbox 4498 911 4847 942; baseline 0 5975"><span class='ocrx_word' id='word_1_302' title='bbox 4498 911 4847 942; x_wconf 95' lang='lat' dir='ltr'> </span> 
     </span>
    </p>
   </div>
   <div class='ocr_carea' id='block_1_22' title="bbox 3569 993 4156 1120">
    <p class='ocr_par' dir='ltr' id='par_1_22' title="bbox 3569 993 4156 1120">
     <span class='ocr_line' id='line_1_52' title="bbox 3569 993 4156 1120; baseline 0.005 -40"><span class='ocrx_word' id='word_1_303' title='bbox 3569 993 3690 1120; x_wconf 82' lang='lat' dir='ltr'>M.</span> <span class='ocrx_word' id='word_1_304' title='bbox 3748 993 4156 1083; x_wconf 78' lang='lat' dir='ltr'>Luthem.</span> 
     </span>
    </p>
   </div>
   <div class='ocr_carea' id='block_1_23' title="bbox 3005 1168 4881 1382">
    <p class='ocr_par' dir='ltr' id='par_1_23' title="bbox 3005 1168 4881 1382">
     <span class='ocr_line' id='line_1_53' title="bbox 3005 1168 4881 1245; baseline 0.005 -21"><span class='ocrx_word' id='word_1_305' title='bbox 3005 1168 3141 1225; x_wconf 81' lang='lat' dir='ltr'>Mel.</span> <span class='ocrx_word' id='word_1_306' title='bbox 3169 1170 3364 1228; x_wconf 83' lang='lat' dir='ltr'>Select.</span> <span class='ocrx_word' id='word_1_307' title='bbox 3389 1170 3546 1243; x_wconf 79' lang='lat' dir='ltr'>epist.</span> <span class='ocrx_word' id='word_1_308' title='bbox 3571 1190 3626 1245; x_wconf 84' lang='lat' dir='ltr'>p.</span> <span class='ocrx_word' id='word_1_309' title='bbox 3653 1172 3772 1227; x_wconf 75' lang='lat'>270.</span> <span class='ocrx_word' id='word_1_310' title='bbox 3847 1174 3981 1228; x_wconf 88' lang='lat' dir='ltr'>ltem</span> <span class='ocrx_word' id='word_1_311' title='bbox 4008 1174 4066 1227; x_wconf 88' lang='lat' dir='ltr'>in</span> <span class='ocrx_word' id='word_1_312' title='bbox 4095 1174 4140 1227; x_wconf 83' lang='lat' dir='ltr'>E</span> <span class='ocrx_word' id='word_1_313' title='bbox 4179 1175 4263 1229; x_wconf 82' lang='lat' dir='ltr'>ist.</span> <span class='ocrx_word' id='word_1_314' title='bbox 4296 1174 4392 1229; x_wconf 88' lang='lat' dir='ltr'>lib.</span> <span class='ocrx_word' id='word_1_315' title='bbox 4420 1174 4462 1228; x_wconf 84' lang='lat' dir='ltr'>l.</span> <span class='ocrx_word' id='word_1_316' title='bbox 4535 1213 4550 1229; x_wconf 97' lang='lat'><strong><em>.</em></strong></span> <span class='ocrx_word' id='word_1_317' title='bbox 4569 1174 4700 1231; x_wconf 74' lang='lat'>219.</span> <span class='ocrx_word' id='word_1_318' title='bbox 4750 1178 4881 1243; x_wconf 84' lang='lat' dir='ltr'>(ed.-</span> 
     </span>
     <span class='ocr_line' id='line_1_54' title="bbox 3077 1237 4863 1315; baseline 0.006 -23"><span class='ocrx_word' id='word_1_319' title='bbox 3077 1237 3251 1295; x_wconf 87' lang='lat' dir='ltr'>Lond.</span> <span class='ocrx_word' id='word_1_320' title='bbox 3282 1240 3376 1296; x_wconf 89' lang='lat' dir='ltr'>lib.</span> <span class='ocrx_word' id='word_1_321' title='bbox 3403 1242 3443 1295; x_wconf 94' lang='lat' dir='ltr'>l.</span> <span class='ocrx_word' id='word_1_322' title='bbox 3473 1260 3556 1312; x_wconf 84' lang='lat' dir='ltr'>ep.</span> <span class='ocrx_word' id='word_1_323' title='bbox 3582 1242 3711 1309; x_wconf 79' lang='lat'>74.).</span> <span class='ocrx_word' id='word_1_324' title='bbox 3750 1273 3824 1285; x_wconf 95' lang='lat'><strong>—</strong></span> <span class='ocrx_word' id='word_1_325' title='bbox 3887 1245 4148 1315; x_wconf 76' lang='lat' dir='ltr'>Apograp</span> <span class='ocrx_word' id='word_1_326' title='bbox 4187 1262 4216 1298; x_wconf 86' lang='lat' dir='ltr'>a</span> <span class='ocrx_word' id='word_1_327' title='bbox 4242 1244 4301 1296; x_wconf 88' lang='lat' dir='ltr'>in</span> <span class='ocrx_word' id='word_1_328' title='bbox 4326 1243 4453 1299; x_wconf 86' lang='lat' dir='ltr'>cod.</span> <span class='ocrx_word' id='word_1_329' title='bbox 4532 1262 4612 1300; x_wconf 80' lang='lat' dir='ltr'>av.</span> <span class='ocrx_word' id='word_1_330' title='bbox 4642 1243 4770 1301; x_wconf 81' lang='lat' dir='ltr'>vol.</span> <span class='ocrx_word' id='word_1_331' title='bbox 4790 1246 4863 1302; x_wconf 81' lang='lat' dir='ltr'>n.</span> 
     </span>
     <span class='ocr_line' id='line_1_55' title="bbox 3076 1309 4241 1382; baseline 0.003 -19"><span class='ocrx_word' id='word_1_332' title='bbox 3076 1326 3129 1378; x_wconf 85' lang='lat' dir='ltr'>p.</span> <span class='ocrx_word' id='word_1_333' title='bbox 3163 1309 3282 1365; x_wconf 69' lang='lat'>428.</span> <span class='ocrx_word' id='word_1_334' title='bbox 3309 1319 3363 1364; x_wconf 84' lang='lat' dir='ltr'>et</span> <span class='ocrx_word' id='word_1_335' title='bbox 3389 1310 3446 1363; x_wconf 89' lang='lat' dir='ltr'>in</span> <span class='ocrx_word' id='word_1_336' title='bbox 3474 1309 3600 1366; x_wconf 82' lang='lat' dir='ltr'>eod.</span> <span class='ocrx_word' id='word_1_337' title='bbox 3626 1309 3786 1366; x_wconf 75' lang='lat' dir='ltr'>Basil.</span> <span class='ocrx_word' id='word_1_338' title='bbox 3810 1310 3898 1366; x_wconf 83' lang='grc'>89.</span> <span class='ocrx_word' id='word_1_339' title='bbox 3933 1330 3988 1382; x_wconf 82' lang='lat' dir='ltr'>p.</span> <span class='ocrx_word' id='word_1_340' title='bbox 4014 1313 4100 1366; x_wconf 83' lang='lat'>51.</span> <span class='ocrx_word' id='word_1_341' title='bbox 4232 1355 4241 1366; x_wconf 86' lang='grc'><em>,</em></span> 
     </span>
    </p>
   </div>
   <div class='ocr_carea' id='block_1_24' title="bbox 2868 1456 4862 1863">
    <p class='ocr_par' dir='ltr' id='par_1_24' title="bbox 2868 1456 4858 1562">
     <span class='ocr_line' id='line_1_56' title="bbox 2868 1456 4858 1562; baseline 0.003 -27"><span class='ocrx_word' id='word_1_342' title='bbox 2868 1456 3317 1535; x_wconf 82' lang='lat' dir='ltr'>Clarissimo</span> <span class='ocrx_word' id='word_1_343' title='bbox 3348 1473 3411 1535; x_wconf 74' lang='lat' dir='ltr'>et</span> <span class='ocrx_word' id='word_1_344' title='bbox 3449 1463 3721 1562; x_wconf 75' lang='lat' dir='ltr'>optimo</span> <span class='ocrx_word' id='word_1_345' title='bbox 3753 1464 3944 1551; x_wconf 75' lang='lat' dir='ltr'>vir-0,</span> <span class='ocrx_word' id='word_1_346' title='bbox 4005 1464 4113 1543; x_wconf 88' lang='lat' dir='ltr'>D.</span> <span class='ocrx_word' id='word_1_347' title='bbox 4157 1463 4331 1537; x_wconf 81' lang='lat' dir='ltr'>Ma</span> <span class='ocrx_word' id='word_1_348' title='bbox 4353 1477 4431 1537; x_wconf 78' lang='lat' dir='ltr'>rt</span> <span class='ocrx_word' id='word_1_349' title='bbox 4450 1465 4542 1537; x_wconf 86' lang='lat' dir='ltr'>in</span> <span class='ocrx_word' id='word_1_350' title='bbox 4564 1492 4607 1539; x_wconf 90' lang='lat' dir='ltr'>o</span> <span class='ocrx_word' id='word_1_351' title='bbox 4656 1462 4735 1538; x_wconf 86' lang='lat' dir='ltr'><em>L</em></span> <span class='ocrx_word' id='word_1_352' title='bbox 4754 1496 4858 1540; x_wconf 87' lang='lat' dir='ltr'>u-</span> 
     </span>
    </p>

    <p class='ocr_par' dir='ltr' id='par_1_25' title="bbox 2870 1559 4862 1662">
     <span class='ocr_line' id='line_1_57' title="bbox 2870 1559 4862 1662; baseline 0.004 -28"><span class='ocrx_word' id='word_1_353' title='bbox 2870 1559 2965 1634; x_wconf 80' lang='lat' dir='ltr'>th</span> <span class='ocrx_word' id='word_1_354' title='bbox 2986 1589 3020 1634; x_wconf 90' lang='lat' dir='ltr'>e</span> <span class='ocrx_word' id='word_1_355' title='bbox 3038 1590 3133 1636; x_wconf 87' lang='lat' dir='ltr'>ro</span> <span class='ocrx_word' id='word_1_356' title='bbox 3151 1616 3188 1647; x_wconf 91' lang='lat'>,.</span> <span class='ocrx_word' id='word_1_357' title='bbox 3268 1563 3488 1637; x_wconf 81' lang='lat' dir='ltr'>Doct.</span> <span class='ocrx_word' id='word_1_358' title='bbox 3556 1562 3634 1637; x_wconf 87' lang='lat' dir='ltr'><em>T</em></span> <span class='ocrx_word' id='word_1_359' title='bbox 3631 1562 4050 1662; x_wconf 78' lang='lat' dir='ltr'>heologiae,</span> <span class='ocrx_word' id='word_1_360' title='bbox 4138 1568 4636 1639; x_wconf 70' lang='lat' dir='ltr'>instauratori</span> <span class='ocrx_word' id='word_1_361' title='bbox 4742 1569 4862 1642; x_wconf 85' lang='lat' dir='ltr'>iae</span> 
     </span>
    </p>

    <p class='ocr_par' dir='ltr' id='par_1_26' title="bbox 2871 1662 4860 1863">
     <span class='ocr_line' id='line_1_58' title="bbox 2871 1662 4860 1766; baseline 0.005 -31"><span class='ocrx_word' id='word_1_362' title='bbox 2871 1662 3244 1737; x_wconf 79' lang='lat' dir='ltr'>doctrinae</span> <span class='ocrx_word' id='word_1_363' title='bbox 3264 1665 3694 1761; x_wconf 75' lang='lat' dir='ltr'>Evangelii,</span> <span class='ocrx_word' id='word_1_364' title='bbox 3735 1668 3948 1766; x_wconf 78' lang='lat' dir='ltr'>patri</span> <span class='ocrx_word' id='word_1_365' title='bbox 3972 1695 4106 1741; x_wconf 81' lang='lat' dir='ltr'>suo</span> <span class='ocrx_word' id='word_1_366' title='bbox 4134 1669 4520 1743; x_wconf 82' lang='lat' dir='ltr'>carissimo</span> <span class='ocrx_word' id='word_1_367' title='bbox 4542 1668 4625 1747; x_wconf 88' lang='lat' dir='ltr'>S.</span> <span class='ocrx_word' id='word_1_368' title='bbox 4710 1670 4860 1749; x_wconf 89' lang='lat' dir='ltr'>.D.</span> 
     </span>
     <span class='ocr_line' id='line_1_59' title="bbox 3441 1775 4282 1863; baseline 0.007 -27"><span class='ocrx_word' id='word_1_369' title='bbox 3441 1775 3794 1859; x_wconf 82' lang='lat' dir='ltr'>(Inscriptio</span> <span class='ocrx_word' id='word_1_370' title='bbox 3830 1782 3894 1838; x_wconf 89' lang='lat' dir='ltr'>in</span> <span class='ocrx_word' id='word_1_371' title='bbox 3928 1779 4075 1863; x_wconf 39' lang='lat' dir='ltr'>cod..</span> <span class='ocrx_word' id='word_1_372' title='bbox 4097 1777 4282 1859; x_wconf 79' lang='lat' dir='ltr'>Bav.)</span> 
     </span>
    </p>
   </div>
   <div class='ocr_carea' id='block_1_25' title="bbox 2869 1876 4860 1998">
    <p class='ocr_par' dir='ltr' id='par_1_27' title="bbox 2869 1876 4860 1998">
     <span class='ocr_line' id='line_1_60' title="bbox 2869 1876 4860 1998; baseline 0.005 -30"><span class='ocrx_word' id='word_1_373' title='bbox 2869 1876 3275 1994; x_wconf 82' lang='lat' dir='ltr'>Postquam</span> <span class='ocrx_word' id='word_1_374' title='bbox 3345 1902 3511 1970; x_wconf 79' lang='lat' dir='ltr'>veni</span> <span class='ocrx_word' id='word_1_375' title='bbox 3573 1896 3967 1989; x_wconf 82' lang='lat' dir='ltr'>Bonnam,</span> <span class='ocrx_word' id='word_1_376' title='bbox 4045 1904 4364 1974; x_wconf 86' lang='lat' dir='ltr'>intellexi</span> <span class='ocrx_word' id='word_1_377' title='bbox 4423 1900 4860 1998; x_wconf 86' lang='lat' dir='ltr'>Episcopum</span> 
     </span>
    </p>
   </div>
   <div class='ocr_carea' id='block_1_26' title="bbox 2828 2003 4855 2088">
    <p class='ocr_par' dir='ltr' id='par_1_28' title="bbox 2828 2003 4855 2088">
     <span class='ocr_line' id='line_1_61' title="bbox 2828 2003 4855 2088; baseline 0.003 -17"><span class='ocrx_word' id='word_1_378' title='bbox 2828 2023 2829 2030; x_wconf 53' lang='lat'>¹</span> <span class='ocrx_word' id='word_1_379' title='bbox 2872 2003 3145 2072; x_wconf 87' lang='lat' dir='ltr'>dedisse</span> <span class='ocrx_word' id='word_1_380' title='bbox 3176 2005 3625 2088; x_wconf 89' lang='lat' dir='ltr'>mandatum,</span> <span class='ocrx_word' id='word_1_381' title='bbox 3675 2017 3754 2074; x_wconf 91' lang='lat' dir='ltr'>ut</span> <span class='ocrx_word' id='word_1_382' title='bbox 3796 2005 4022 2074; x_wconf 84' lang='lat' dir='ltr'>forma</span> <span class='ocrx_word' id='word_1_383' title='bbox 4071 2007 4433 2076; x_wconf 89' lang='lat' dir='ltr'>doctrinae</span> <span class='ocrx_word' id='word_1_384' title='bbox 4474 2007 4855 2077; x_wconf 81' lang='lat' dir='ltr'>et⁶rituum</span> 
     </span>
    </p>
   </div>
   <div class='ocr_carea' id='block_1_27' title="bbox 2872 2101 4947 3592">
    <p class='ocr_par' dir='ltr' id='par_1_29' title="bbox 2872 2101 4947 3592">
     <span class='ocr_line' id='line_1_62' title="bbox 2872 2101 4857 2201; baseline 0.003 -29"><span class='ocrx_word' id='word_1_385' title='bbox 2872 2105 3334 2196; x_wconf 89' lang='lat' dir='ltr'>proponenda</span> <span class='ocrx_word' id='word_1_386' title='bbox 3366 2101 3701 2176; x_wconf 89' lang='lat' dir='ltr'>Ecclesiis</span> <span class='ocrx_word' id='word_1_387' title='bbox 3732 2107 4253 2193; x_wconf 89' lang='lat' dir='ltr'>conscribatur,</span> <span class='ocrx_word' id='word_1_388' title='bbox 4319 2120 4385 2177; x_wconf 92' lang='lat' dir='ltr'>et</span> <span class='ocrx_word' id='word_1_389' title='bbox 4430 2108 4716 2201; x_wconf 87' lang='lat' dir='ltr'>quidem</span> <span class='ocrx_word' id='word_1_390' title='bbox 4763 2110 4857 2178; x_wconf 87' lang='lat' dir='ltr'>ad</span> 
     </span>
     <span class='ocr_line' id='line_1_63' title="bbox 2875 2203 4859 2302; baseline 0.004 -30"><span class='ocrx_word' id='word_1_391' title='bbox 2875 2206 3271 2296; x_wconf 84' lang='lat' dir='ltr'>exemplum</span> <span class='ocrx_word' id='word_1_392' title='bbox 3307 2203 3842 2294; x_wconf 85' lang='lat' dir='ltr'>Noribergensis</span> <span class='ocrx_word' id='word_1_393' title='bbox 3887 2208 4177 2302; x_wconf 57' lang='lat' dir='ltr'>soqnae.</span> <span class='ocrx_word' id='word_1_394' title='bbox 4280 2203 4386 2277; x_wconf 85' lang='lat' dir='ltr'>Ac</span> <span class='ocrx_word' id='word_1_395' title='bbox 4428 2207 4656 2278; x_wconf 90' lang='lat' dir='ltr'>iussus</span> <span class='ocrx_word' id='word_1_396' title='bbox 4695 2230 4859 2280; x_wconf 89' lang='lat' dir='ltr'>sum</span> 
     </span>
     <span class='ocr_line' id='line_1_64' title="bbox 2874 2300 4859 2396; baseline 0.002 -22"><span class='ocrx_word' id='word_1_397' title='bbox 2874 2300 3287 2375; x_wconf 88' lang='lat' dir='ltr'>inchoatum</span> <span class='ocrx_word' id='word_1_398' title='bbox 3340 2330 3516 2396; x_wconf 89' lang='lat' dir='ltr'>opus</span> <span class='ocrx_word' id='word_1_399' title='bbox 3568 2301 3931 2396; x_wconf 74' lang='lat' dir='ltr'>inspicere.</span> <span class='ocrx_word' id='word_1_400' title='bbox 4051 2306 4130 2377; x_wconf 91' lang='lat' dir='ltr'>Id</span> <span class='ocrx_word' id='word_1_401' title='bbox 4201 2302 4338 2377; x_wconf 89' lang='lat' dir='ltr'>hoc</span> <span class='ocrx_word' id='word_1_402' title='bbox 4402 2309 4641 2378; x_wconf 87' lang='lat' dir='ltr'>triduo</span> <span class='ocrx_word' id='word_1_403' title='bbox 4699 2309 4859 2393; x_wconf 84' lang='lat' dir='ltr'>feci,</span> 
     </span>
     <span class='ocr_line' id='line_1_65' title="bbox 2874 2403 4859 2499; baseline 0.002 -23"><span class='ocrx_word' id='word_1_404' title='bbox 2874 2403 3267 2499; x_wconf 87' lang='lat' dir='ltr'>Episcopus</span> <span class='ocrx_word' id='word_1_405' title='bbox 3301 2407 3455 2476; x_wconf 87' lang='lat' dir='ltr'>vult</span> <span class='ocrx_word' id='word_1_406' title='bbox 3487 2430 3660 2498; x_wconf 91' lang='lat' dir='ltr'>pure</span> <span class='ocrx_word' id='word_1_407' title='bbox 3688 2410 3874 2477; x_wconf 89' lang='lat' dir='ltr'>tradi</span> <span class='ocrx_word' id='word_1_408' title='bbox 3903 2409 4337 2494; x_wconf 88' lang='lat' dir='ltr'>doctrinam,</span> <span class='ocrx_word' id='word_1_409' title='bbox 4384 2422 4452 2477; x_wconf 92' lang='lat' dir='ltr'>et</span> <span class='ocrx_word' id='word_1_410' title='bbox 4483 2410 4641 2479; x_wconf 91' lang='lat' dir='ltr'>tolli</span> <span class='ocrx_word' id='word_1_411' title='bbox 4674 2411 4859 2480; x_wconf 83' lang='lat' dir='ltr'>ritus</span> 
     </span>
     <span class='ocr_line' id='line_1_66' title="bbox 2876 2508 4858 2600; baseline 0.003 -25"><span class='ocrx_word' id='word_1_412' title='bbox 2876 2508 3199 2600; x_wconf 90' lang='lat' dir='ltr'>publicos</span> <span class='ocrx_word' id='word_1_413' title='bbox 3247 2520 3637 2599; x_wconf 84' lang='lat' dir='ltr'>pugnantes</span> <span class='ocrx_word' id='word_1_414' title='bbox 3681 2533 3842 2578; x_wconf 92' lang='lat' dir='ltr'>cum</span> <span class='ocrx_word' id='word_1_415' title='bbox 3888 2510 4249 2594; x_wconf 73' lang='lat' dir='ltr'>doctrina,</span> <span class='ocrx_word' id='word_1_416' title='bbox 4328 2511 4446 2578; x_wconf 89' lang='lat' dir='ltr'>sed</span> <span class='ocrx_word' id='word_1_417' title='bbox 4490 2511 4858 2580; x_wconf 85' lang='lat' dir='ltr'>adversari</span> 
     </span>
     <span class='ocr_line' id='line_1_67' title="bbox 2876 2606 4859 2703; baseline 0.002 -26"><span class='ocrx_word' id='word_1_418' title='bbox 2876 2633 3027 2679; x_wconf 93' lang='lat' dir='ltr'>non</span> <span class='ocrx_word' id='word_1_419' title='bbox 3069 2608 3402 2679; x_wconf 90' lang='lat' dir='ltr'>desinunt</span> <span class='ocrx_word' id='word_1_420' title='bbox 3443 2606 3824 2694; x_wconf 88' lang='lat' dir='ltr'>Canonici,</span> <span class='ocrx_word' id='word_1_421' title='bbox 3907 2610 4034 2680; x_wconf 89' lang='lat' dir='ltr'>etsi</span> <span class='ocrx_word' id='word_1_422' title='bbox 4081 2611 4157 2679; x_wconf 92' lang='lat' dir='ltr'>in</span> <span class='ocrx_word' id='word_1_423' title='bbox 4204 2606 4315 2680; x_wconf 88' lang='lat' dir='ltr'>his</span> <span class='ocrx_word' id='word_1_424' title='bbox 4357 2634 4637 2703; x_wconf 91' lang='lat' dir='ltr'>quoque</span> <span class='ocrx_word' id='word_1_425' title='bbox 4683 2625 4859 2682; x_wconf 90' lang='lat' dir='ltr'>sunt</span> 
     </span>
     <span class='ocr_line' id='line_1_68' title="bbox 2877 2706 4860 2805; baseline 0.002 -26"><span class='ocrx_word' id='word_1_426' title='bbox 2877 2710 3003 2804; x_wconf 88' lang='lat' dir='ltr'>qui</span> <span class='ocrx_word' id='word_1_427' title='bbox 3060 2709 3367 2781; x_wconf 89' lang='lat' dir='ltr'>aliorum</span> <span class='ocrx_word' id='word_1_428' title='bbox 3426 2710 3842 2780; x_wconf 88' lang='lat' dir='ltr'>violentiam</span> <span class='ocrx_word' id='word_1_429' title='bbox 3904 2710 4326 2803; x_wconf 91' lang='lat' dir='ltr'>impediunt.</span> <span class='ocrx_word' id='word_1_430' title='bbox 4455 2706 4860 2805; x_wconf 82' lang='lat' dir='ltr'>Fuerunt⁸)</span> 
     </span>
     <span class='ocr_line' id='line_1_69' title="bbox 2876 2810 4858 2904; baseline 0.003 -26"><span class='ocrx_word' id='word_1_431' title='bbox 2876 2810 3186 2881; x_wconf 87' lang='lat' dir='ltr'>minitati</span> <span class='ocrx_word' id='word_1_432' title='bbox 3251 2811 3543 2904; x_wconf 88' lang='lat' dir='ltr'>quidam</span> <span class='ocrx_word' id='word_1_433' title='bbox 3601 2813 4012 2897; x_wconf 84' lang='lat' dir='ltr'>ferociores,</span> <span class='ocrx_word' id='word_1_434' title='bbox 4093 2835 4164 2882; x_wconf 90' lang='lat' dir='ltr'>se</span> <span class='ocrx_word' id='word_1_435' title='bbox 4231 2835 4641 2883; x_wconf 83' lang='lat' dir='ltr'>excussuros</span> <span class='ocrx_word' id='word_1_436' title='bbox 4708 2835 4858 2884; x_wconf 85' lang='lat' dir='ltr'>esse</span> 
     </span>
     <span class='ocr_line' id='line_1_70' title="bbox 2874 2905 4856 3010; baseline 0.002 -29"><span class='ocrx_word' id='word_1_437' title='bbox 2874 2906 3328 3003; x_wconf 89' lang='lat' dir='ltr'>Episcopum.</span> <span class='ocrx_word' id='word_1_438' title='bbox 3446 2909 3684 3000; x_wconf 85' lang='lat' dir='ltr'>Quare</span> <span class='ocrx_word' id='word_1_439' title='bbox 3720 2905 4258 3006; x_wconf 75' lang='lat' dir='ltr'>Landgravius</span> <span class='ocrx_word' id='word_1_440' title='bbox 4324 2915 4414 2983; x_wconf 92' lang='lat' dir='ltr'>ad</span> <span class='ocrx_word' id='word_1_441' title='bbox 4458 2910 4856 3010; x_wconf 78' lang='lat' dir='ltr'>Collegium</span> 
     </span>
     <span class='ocr_line' id='line_1_71' title="bbox 2875 3009 4947 3107; baseline 0.003 -27"><span class='ocrx_word' id='word_1_442' title='bbox 2875 3012 3189 3102; x_wconf 86' lang='lat' dir='ltr'>scripsit,</span> <span class='ocrx_word' id='word_1_443' title='bbox 3241 3037 3318 3081; x_wconf 91' lang='lat' dir='ltr'>ac</span> <span class='ocrx_word' id='word_1_444' title='bbox 3352 3012 3583 3103; x_wconf 91' lang='lat' dir='ltr'>palam</span> <span class='ocrx_word' id='word_1_445' title='bbox 3618 3013 3995 3085; x_wconf 85' lang='lat' dir='ltr'>affirmavit</span> <span class='ocrx_word' id='word_1_446' title='bbox 4014 3009 4075 3107; x_wconf 85' lang='lat'>²)</span> <span class='ocrx_word' id='word_1_447' title='bbox 4119 3038 4192 3083; x_wconf 92' lang='lat' dir='ltr'>se</span> <span class='ocrx_word' id='word_1_448' title='bbox 4237 3029 4308 3084; x_wconf 93' lang='lat' dir='ltr'>et</span> <span class='ocrx_word' id='word_1_449' title='bbox 4350 3029 4657 3084; x_wconf 90' lang='lat' dir='ltr'>caeteros</span> <span class='ocrx_word' id='word_1_450' title='bbox 4694 3011 4857 3085; x_wconf 72' lang='lat' dir='ltr'>foe·-</span> <span class='ocrx_word' id='word_1_451' title='bbox 4940 3079 4947 3086; x_wconf 92' lang='lat'><strong><em>.</em></strong></span> 
     </span>
     <span class='ocr_line' id='line_1_72' title="bbox 2876 3112 4855 3207; baseline 0 -23"><span class='ocrx_word' id='word_1_452' title='bbox 2876 3113 3156 3184; x_wconf 87' lang='lat' dir='ltr'>deratos</span> <span class='ocrx_word' id='word_1_453' title='bbox 3197 3126 3641 3202; x_wconf 87' lang='lat' dir='ltr'>suscepturos</span> <span class='ocrx_word' id='word_1_454' title='bbox 3682 3138 3825 3184; x_wconf 86' lang='lat' dir='ltr'>esse</span> <span class='ocrx_word' id='word_1_455' title='bbox 3859 3115 4340 3185; x_wconf 84' lang='lat' dir='ltr'>defensionem</span> <span class='ocrx_word' id='word_1_456' title='bbox 4368 3112 4742 3207; x_wconf 88' lang='lat' dir='ltr'>Episcopi,</span> <span class='ocrx_word' id='word_1_457' title='bbox 4792 3114 4855 3184; x_wconf 87' lang='lat' dir='ltr'>si</span> 
     </span>
     <span class='ocr_line' id='line_1_73' title="bbox 2875 3209 4857 3308; baseline 0.002 -25"><span class='ocrx_word' id='word_1_458' title='bbox 2875 3236 3055 3306; x_wconf 91' lang='lat' dir='ltr'>opus</span> <span class='ocrx_word' id='word_1_459' title='bbox 3086 3213 3198 3284; x_wconf 90' lang='lat' dir='ltr'>sit.</span> <span class='ocrx_word' id='word_1_460' title='bbox 3298 3209 3560 3295; x_wconf 81' lang='lat' dir='ltr'>†Se‹1·&#39;</span> <span class='ocrx_word' id='word_1_461' title='bbox 3605 3215 3915 3308; x_wconf 89' lang='lat' dir='ltr'>reliquae</span> <span class='ocrx_word' id='word_1_462' title='bbox 3963 3216 4279 3288; x_wconf 85' lang='lat' dir='ltr'>civitates</span> <span class='ocrx_word' id='word_1_463' title='bbox 4317 3231 4595 3308; x_wconf 92' lang='lat' dir='ltr'>praeter</span> <span class='ocrx_word' id='word_1_464' title='bbox 4638 3213 4857 3287; x_wconf 91' lang='lat' dir='ltr'>Colo-</span> 
     </span>
     <span class='ocr_line' id='line_1_74' title="bbox 2874 3313 4857 3412; baseline 0.001 -28"><span class='ocrx_word' id='word_1_465' title='bbox 2874 3316 3069 3384; x_wconf 86' lang='lat' dir='ltr'>niam</span> <span class='ocrx_word' id='word_1_466' title='bbox 3121 3328 3192 3384; x_wconf 90' lang='lat' dir='ltr'>et</span> <span class='ocrx_word' id='word_1_467' title='bbox 3231 3314 3607 3407; x_wconf 87' lang='lat' dir='ltr'>praecipua</span> <span class='ocrx_word' id='word_1_468' title='bbox 3649 3341 3812 3407; x_wconf 90' lang='lat' dir='ltr'>pars</span> <span class='ocrx_word' id='word_1_469' title='bbox 3858 3318 4250 3389; x_wconf 90' lang='lat' dir='ltr'>nobilitatis</span> <span class='ocrx_word' id='word_1_470' title='bbox 4290 3318 4547 3409; x_wconf 84' lang='lat' dir='ltr'>expetit</span> <span class='ocrx_word' id='word_1_471' title='bbox 4587 3313 4857 3412; x_wconf 60' lang='lat' dir='ltr'>piam&#39;)</span> 
     </span>
     <span class='ocr_line' id='line_1_75' title="bbox 2874 3413 4857 3512; baseline 0.001 -26"><span class='ocrx_word' id='word_1_472' title='bbox 2874 3413 3351 3486; x_wconf 90' lang='lat' dir='ltr'>Ecclesiarum</span> <span class='ocrx_word' id='word_1_473' title='bbox 3397 3417 4006 3502; x_wconf 86' lang='lat' dir='ltr'>constitutionem,</span> <span class='ocrx_word' id='word_1_474' title='bbox 4073 3442 4284 3512; x_wconf 90' lang='lat' dir='ltr'>quam</span> <span class='ocrx_word' id='word_1_475' title='bbox 4329 3420 4573 3488; x_wconf 88' lang='lat' dir='ltr'>vident</span> <span class='ocrx_word' id='word_1_476' title='bbox 4619 3418 4857 3509; x_wconf 82' lang='lat' dir='ltr'>profe-</span> 
     </span>
     <span class='ocr_line' id='line_1_76' title="bbox 2874 3515 4855 3592; baseline 0.002 -6"><span class='ocrx_word' id='word_1_477' title='bbox 2874 3532 2986 3588; x_wconf 94' lang='lat' dir='ltr'>cto</span> <span class='ocrx_word' id='word_1_478' title='bbox 3024 3517 3484 3586; x_wconf 87' lang='lat' dir='ltr'>necessariam</span> <span class='ocrx_word' id='word_1_479' title='bbox 3535 3540 3702 3592; x_wconf 90' lang='lat' dir='ltr'>esse.</span> <span class='ocrx_word' id='word_1_480' title='bbox 3804 3517 3947 3588; x_wconf 83' lang='lat' dir='ltr'>Vix</span> <span class='ocrx_word' id='word_1_481' title='bbox 3985 3521 4179 3590; x_wconf 85' lang='lat' dir='ltr'>enim</span> <span class='ocrx_word' id='word_1_482' title='bbox 4221 3519 4394 3590; x_wconf 90' lang='lat' dir='ltr'>alibi</span> <span class='ocrx_word' id='word_1_483' title='bbox 4440 3521 4515 3588; x_wconf 91' lang='lat' dir='ltr'>in</span> <span class='ocrx_word' id='word_1_484' title='bbox 4550 3515 4855 3589; x_wconf 87' lang='lat' dir='ltr'>Germa-</span> 
     </span>
    </p>
   </div>
   <div class='ocr_carea' id='block_1_28' title="bbox 2800 3618 4854 3711">
    <p class='ocr_par' dir='ltr' id='par_1_30' title="bbox 2800 3618 4854 3711">
     <span class='ocr_line' id='line_1_77' title="bbox 2800 3618 4854 3711; baseline 0.002 -25"><span class='ocrx_word' id='word_1_485' title='bbox 2800 3672 2805 3679; x_wconf 94' lang='lat'>.</span> <span class='ocrx_word' id='word_1_486' title='bbox 2874 3618 2992 3687; x_wconf 89' lang='lat' dir='ltr'>nia</span> <span class='ocrx_word' id='word_1_487' title='bbox 3022 3631 3300 3688; x_wconf 84' lang='lat' dir='ltr'>tantum</span> <span class='ocrx_word' id='word_1_488' title='bbox 3330 3619 3634 3689; x_wconf 87' lang='lat' dir='ltr'>arbitror</span> <span class='ocrx_word' id='word_1_489' title='bbox 3662 3618 3914 3705; x_wconf 85' lang='lat' dir='ltr'>fuisse,</span> <span class='ocrx_word' id='word_1_490' title='bbox 3975 3636 4097 3691; x_wconf 90' lang='lat' dir='ltr'>aut</span> <span class='ocrx_word' id='word_1_491' title='bbox 4144 3644 4290 3690; x_wconf 91' lang='lat' dir='ltr'>esse</span> <span class='ocrx_word' id='word_1_492' title='bbox 4333 3621 4854 3711; x_wconf 87' lang='lat' dir='ltr'>superstitionis</span> 
     </span>
    </p>
   </div>
   <div class='ocr_carea' id='block_1_29' title="bbox 2869 3716 4854 4215">
    <p class='ocr_par' dir='ltr' id='par_1_31' title="bbox 2869 3716 4854 4215">
     <span class='ocr_line' id='line_1_78' title="bbox 2872 3716 4852 3816; baseline 0.001 -28"><span class='ocrx_word' id='word_1_493' title='bbox 2872 3719 3279 3789; x_wconf 86' lang='lat' dir='ltr'>barbaricae</span> <span class='ocrx_word' id='word_1_494' title='bbox 3319 3733 3387 3788; x_wconf 92' lang='lat' dir='ltr'>et</span> <span class='ocrx_word' id='word_1_495' title='bbox 3423 3720 3626 3809; x_wconf 87' lang='lat' dir='ltr'>plane</span> <span class='ocrx_word' id='word_1_496' title='bbox 3651 3716 4033 3803; x_wconf 87' lang='lat' dir='ltr'>Ethnicae,</span> <span class='ocrx_word' id='word_1_497' title='bbox 4086 3735 4431 3816; x_wconf 86' lang='lat' dir='ltr'>quantum</span> <span class='ocrx_word' id='word_1_498' title='bbox 4461 3721 4598 3793; x_wconf 81' lang='lat' dir='ltr'>suit</span> <span class='ocrx_word' id='word_1_499' title='bbox 4625 3722 4701 3790; x_wconf 89' lang='lat' dir='ltr'>in</span> <span class='ocrx_word' id='word_1_500' title='bbox 4739 3717 4852 3790; x_wconf 72' lang='lat' dir='ltr'>his</span> 
     </span>
     <span class='ocr_line' id='line_1_79' title="bbox 2870 3816 4853 3914; baseline 0.003 -25"><span class='ocrx_word' id='word_1_501' title='bbox 2870 3819 3321 3908; x_wconf 85' lang='lat' dir='ltr'>regionibus,</span> <span class='ocrx_word' id='word_1_502' title='bbox 3380 3832 3461 3889; x_wconf 91' lang='lat' dir='ltr'>ut</span> <span class='ocrx_word' id='word_1_503' title='bbox 3501 3816 3732 3890; x_wconf 89' lang='lat' dir='ltr'>adhuc</span> <span class='ocrx_word' id='word_1_504' title='bbox 3765 3823 4076 3914; x_wconf 89' lang='lat' dir='ltr'>exempla</span> <span class='ocrx_word' id='word_1_505' title='bbox 4112 3824 4545 3893; x_wconf 91' lang='lat' dir='ltr'>currentium</span> <span class='ocrx_word' id='word_1_506' title='bbox 4583 3824 4675 3892; x_wconf 90' lang='lat' dir='ltr'>ad</span> <span class='ocrx_word' id='word_1_507' title='bbox 4708 3835 4853 3894; x_wconf 76' lang='lat' dir='ltr'>sta-</span> 
     </span>
     <span class='ocr_line' id='line_1_80' title="bbox 2872 3919 4854 4014; baseline 0.003 -24"><span class='ocrx_word' id='word_1_508' title='bbox 2872 3935 3027 3991; x_wconf 89' lang='lat' dir='ltr'>tuas</span> <span class='ocrx_word' id='word_1_509' title='bbox 3059 3922 3462 3993; x_wconf 89' lang='lat' dir='ltr'>ostendunt.</span> <span class='ocrx_word' id='word_1_510' title='bbox 3562 3919 3703 3993; x_wconf 89' lang='lat' dir='ltr'>Sed</span> <span class='ocrx_word' id='word_1_511' title='bbox 3737 3923 3945 3993; x_wconf 86' lang='lat' dir='ltr'>video</span> <span class='ocrx_word' id='word_1_512' title='bbox 3971 3947 4164 3994; x_wconf 90' lang='lat' dir='ltr'>nunc</span> <span class='ocrx_word' id='word_1_513' title='bbox 4196 3924 4569 3994; x_wconf 91' lang='lat' dir='ltr'>conciones</span> <span class='ocrx_word' id='word_1_514' title='bbox 4599 3945 4854 4014; x_wconf 79' lang='lat' dir='ltr'>magna</span> 
     </span>
     <span class='ocr_line' id='line_1_81' title="bbox 2869 4015 4854 4115; baseline 0.002 -24"><span class='ocrx_word' id='word_1_515' title='bbox 2869 4022 3265 4115; x_wconf 83' lang='lat' dir='ltr'>frequentia</span> <span class='ocrx_word' id='word_1_516' title='bbox 3311 4021 3546 4091; x_wconf 89' lang='lat' dir='ltr'>audiri</span> <span class='ocrx_word' id='word_1_517' title='bbox 3586 4015 3863 4092; x_wconf 83' lang='lat' dir='ltr'>Buceri</span> <span class='ocrx_word' id='word_1_518' title='bbox 3904 4039 3973 4094; x_wconf 92' lang='lat' dir='ltr'>et</span> <span class='ocrx_word' id='word_1_519' title='bbox 4003 4017 4352 4111; x_wconf 79' lang='lat' dir='ltr'>Pistorii,</span> <span class='ocrx_word' id='word_1_520' title='bbox 4412 4039 4480 4094; x_wconf 95' lang='lat' dir='ltr'>et</span> <span class='ocrx_word' id='word_1_521' title='bbox 4524 4023 4854 4095; x_wconf 87' lang='lat' dir='ltr'>animad-</span> 
     </span>
     <span class='ocr_line' id='line_1_82' title="bbox 2871 4122 4853 4215; baseline 0.003 -26"><span class='ocrx_word' id='word_1_522' title='bbox 2871 4136 3069 4192; x_wconf 85' lang='lat' dir='ltr'>verto</span> <span class='ocrx_word' id='word_1_523' title='bbox 3099 4136 3478 4215; x_wconf 91' lang='lat' dir='ltr'>utrumque</span> <span class='ocrx_word' id='word_1_524' title='bbox 3512 4148 3687 4215; x_wconf 91' lang='lat' dir='ltr'>pure</span> <span class='ocrx_word' id='word_1_525' title='bbox 3723 4137 3792 4194; x_wconf 91' lang='lat' dir='ltr'>et</span> <span class='ocrx_word' id='word_1_526' title='bbox 3821 4139 4005 4195; x_wconf 90' lang='lat' dir='ltr'>recte</span> <span class='ocrx_word' id='word_1_527' title='bbox 4038 4127 4310 4200; x_wconf 87' lang='lat' dir='ltr'>docere.</span> <span class='ocrx_word' id='word_1_528' title='bbox 4409 4122 4596 4196; x_wconf 90' lang='lat' dir='ltr'>Sunt</span> <span class='ocrx_word' id='word_1_529' title='bbox 4626 4138 4697 4195; x_wconf 91' lang='lat' dir='ltr'>et</span> <span class='ocrx_word' id='word_1_530' title='bbox 4726 4126 4853 4195; x_wconf 79' lang='lat' dir='ltr'>alii</span> 
     </span>
    </p>
   </div>
   <div class='ocr_carea' id='block_1_30' title="bbox 2872 4323 4963 4620">
    <p class='ocr_par' dir='ltr' id='par_1_32' title="bbox 2872 4323 4963 4620">
     <span class='ocr_line' id='line_1_83' title="bbox 2874 4323 4857 4419; baseline 0.001 -25"><span class='ocrx_word' id='word_1_531' title='bbox 2874 4339 3071 4406; x_wconf 90' lang='lat' dir='ltr'>cent,</span> <span class='ocrx_word' id='word_1_532' title='bbox 3141 4339 3207 4395; x_wconf 93' lang='lat' dir='ltr'>et</span> <span class='ocrx_word' id='word_1_533' title='bbox 3253 4323 3700 4397; x_wconf 83' lang='lat' dir='ltr'>Sacramenta</span> <span class='ocrx_word' id='word_1_534' title='bbox 3745 4329 3862 4419; x_wconf 92' lang='lat' dir='ltr'>pie</span> <span class='ocrx_word' id='word_1_535' title='bbox 3911 4328 4425 4397; x_wconf 89' lang='lat' dir='ltr'>administrant.</span> <span class='ocrx_word' id='word_1_536' title='bbox 4526 4324 4662 4396; x_wconf 90' lang='lat' dir='ltr'>His</span> <span class='ocrx_word' id='word_1_537' title='bbox 4709 4326 4857 4396; x_wconf 89' lang='lat' dir='ltr'>ini-</span> 
     </span>
     <span class='ocr_line' id='line_1_84' title="bbox 2872 4417 4850 4522; baseline 0.002 -29"><span class='ocrx_word' id='word_1_538' title='bbox 2872 4427 2990 4494; x_wconf 87' lang='lat' dir='ltr'>tiis</span> <span class='ocrx_word' id='word_1_539' title='bbox 3040 4439 3118 4495; x_wconf 91' lang='lat' dir='ltr'>ut</span> <span class='ocrx_word' id='word_1_540' title='bbox 3143 4417 3337 4496; x_wconf 67' lang='lat' dir='ltr'>Deus</span> <span class='ocrx_word' id='word_1_541' title='bbox 3381 4428 3612 4497; x_wconf 79' lang='lat' dir='ltr'>faveat</span> <span class='ocrx_word' id='word_1_542' title='bbox 3653 4452 3971 4510; x_wconf 87' lang='lat' dir='ltr'>oremus,</span> <span class='ocrx_word' id='word_1_543' title='bbox 4040 4453 4256 4522; x_wconf 90' lang='lat' dir='ltr'>eaque</span> <span class='ocrx_word' id='word_1_544' title='bbox 4297 4424 4660 4521; x_wconf 86' lang='lat' dir='ltr'>provehat.</span> <span class='ocrx_word' id='word_1_545' title='bbox 4764 4425 4850 4497; x_wconf 80' lang='lat' dir='ltr'>In</span> 
     </span>
     <span class='ocr_line' id='line_1_85' title="bbox 2874 4525 4963 4620; baseline 0.001 -23"><span class='ocrx_word' id='word_1_546' title='bbox 2874 4527 3142 4597; x_wconf 89' lang='lat' dir='ltr'>ditione</span> <span class='ocrx_word' id='word_1_547' title='bbox 3190 4525 3559 4598; x_wconf 89' lang='lat' dir='ltr'>Iuliacensi</span> <span class='ocrx_word' id='word_1_548' title='bbox 3620 4553 3909 4620; x_wconf 90' lang='lat' dir='ltr'>prorsus</span> <span class='ocrx_word' id='word_1_549' title='bbox 3970 4531 4426 4618; x_wconf 85' lang='lat' dir='ltr'>negliguntur</span> <span class='ocrx_word' id='word_1_550' title='bbox 4476 4526 4851 4616; x_wconf 86' lang='lat' dir='ltr'>Ecclesiae,</span> <span class='ocrx_word' id='word_1_551' title='bbox 4956 4593 4963 4600; x_wconf 93' lang='lat'><strong><em>.</em></strong></span> 
     </span>
    </p>
   </div>
   <div class='ocr_carea' id='block_1_31' title="bbox 2818 4629 4854 4823">
    <p class='ocr_par' dir='ltr' id='par_1_33' title="bbox 2818 4629 4854 4823">
     <span class='ocr_line' id='line_1_86' title="bbox 2826 4629 4849 4721; baseline -0.005 -22"><span class='ocrx_word' id='word_1_552' title='bbox 2826 4652 2830 4660; x_wconf 72' lang='grc'>·’</span> <span class='ocrx_word' id='word_1_553' title='bbox 2874 4630 3064 4721; x_wconf 94' lang='lat' dir='ltr'>quod</span> <span class='ocrx_word' id='word_1_554' title='bbox 3112 4630 3280 4699; x_wconf 90' lang='lat' dir='ltr'>belli</span> <span class='ocrx_word' id='word_1_555' title='bbox 3330 4645 3642 4717; x_wconf 86' lang='lat' dir='ltr'>tempore</span> <span class='ocrx_word' id='word_1_556' title='bbox 3690 4630 3867 4697; x_wconf 88' lang='lat' dir='ltr'>solet</span> <span class='ocrx_word' id='word_1_557' title='bbox 3914 4629 4246 4703; x_wconf 88' lang='lat' dir='ltr'>accidere.</span> <span class='ocrx_word' id='word_1_558' title='bbox 4347 4629 4643 4701; x_wconf 75' lang='lat' dir='ltr'>Interim</span> <span class='ocrx_word' id='word_1_559' title='bbox 4681 4654 4849 4701; x_wconf 75' lang='lat' dir='ltr'>vero</span> 
     </span>
     <span class='ocr_line' id='line_1_87' title="bbox 2818 4729 4854 4823; baseline -0.001 -26"><span class='ocrx_word' id='word_1_560' title='bbox 2818 4773 2820 4781; x_wconf 39' lang='grc' dir='ltr'><strong><em>ι</em></strong></span> <span class='ocrx_word' id='word_1_561' title='bbox 2872 4742 2939 4798; x_wconf 92' lang='lat' dir='ltr'>et</span> <span class='ocrx_word' id='word_1_562' title='bbox 2972 4729 3118 4813; x_wconf 90' lang='lat' dir='ltr'>illi,</span> <span class='ocrx_word' id='word_1_563' title='bbox 3183 4730 3305 4821; x_wconf 90' lang='lat' dir='ltr'>qui</span> <span class='ocrx_word' id='word_1_564' title='bbox 3338 4729 3414 4795; x_wconf 92' lang='lat' dir='ltr'>in</span> <span class='ocrx_word' id='word_1_565' title='bbox 3451 4729 3575 4796; x_wconf 90' lang='lat' dir='ltr'>illa</span> <span class='ocrx_word' id='word_1_566' title='bbox 3609 4730 3895 4816; x_wconf 82' lang='lat' dir='ltr'>regione</span> <span class='ocrx_word' id='word_1_567' title='bbox 3938 4730 4250 4804; x_wconf 88' lang='lat' dir='ltr'>oderunt</span> <span class='ocrx_word' id='word_1_568' title='bbox 4294 4756 4543 4823; x_wconf 88' lang='lat' dir='ltr'>puram</span> <span class='ocrx_word' id='word_1_569' title='bbox 4585 4731 4854 4799; x_wconf 79' lang='lat' dir='ltr'>doctri-</span> 
     </span>
    </p>
   </div>
   <div class='ocr_carea' id='block_1_32' title="bbox 2869 4824 4851 5330">
    <p class='ocr_par' dir='ltr' id='par_1_34' title="bbox 2869 4824 4851 5330">
     <span class='ocr_line' id='line_1_88' title="bbox 2871 4824 4848 4915; baseline 0.001 -18"><span class='ocrx_word' id='word_1_570' title='bbox 2871 4854 3077 4914; x_wconf 84' lang='lat' dir='ltr'>nam,</span> <span class='ocrx_word' id='word_1_571' title='bbox 3144 4824 3271 4898; x_wconf 87' lang='lat' dir='ltr'>hac</span> <span class='ocrx_word' id='word_1_572' title='bbox 3322 4829 3683 4898; x_wconf 88' lang='lat' dir='ltr'>occasione</span> <span class='ocrx_word' id='word_1_573' title='bbox 3727 4829 4087 4901; x_wconf 84' lang='lat' dir='ltr'>saevitiam</span> <span class='ocrx_word' id='word_1_574' title='bbox 4120 4844 4474 4915; x_wconf 86' lang='lat' dir='ltr'>exercent,</span> <span class='ocrx_word' id='word_1_575' title='bbox 4525 4843 4605 4898; x_wconf 91' lang='lat' dir='ltr'>ut</span> <span class='ocrx_word' id='word_1_576' title='bbox 4641 4853 4724 4897; x_wconf 87' lang='lat' dir='ltr'>ex</span> <span class='ocrx_word' id='word_1_577' title='bbox 4754 4830 4848 4899; x_wconf 85' lang='lat' dir='ltr'>li-</span> 
     </span>
     <span class='ocr_line' id='line_1_89' title="bbox 2872 4929 4849 5026; baseline -0.001 -26"><span class='ocrx_word' id='word_1_578' title='bbox 2872 4930 3070 5013; x_wconf 89' lang='lat' dir='ltr'>teris,</span> <span class='ocrx_word' id='word_1_579' title='bbox 3133 4952 3306 5020; x_wconf 90' lang='lat' dir='ltr'>quas</span> <span class='ocrx_word' id='word_1_580' title='bbox 3347 4929 3605 5014; x_wconf 91' lang='lat' dir='ltr'>adieci,</span> <span class='ocrx_word' id='word_1_581' title='bbox 3665 4931 4066 5020; x_wconf 87' lang='lat' dir='ltr'>videbitur,</span> <span class='ocrx_word' id='word_1_582' title='bbox 4135 4956 4305 5026; x_wconf 87' lang='lat' dir='ltr'>quas</span> <span class='ocrx_word' id='word_1_583' title='bbox 4349 4931 4637 5023; x_wconf 88' lang='lat' dir='ltr'>quidam</span> <span class='ocrx_word' id='word_1_584' title='bbox 4684 4929 4849 5026; x_wconf 63' lang='grc' dir='ltr'>ρκ’)</span> 
     </span>
     <span class='ocr_line' id='line_1_90' title="bbox 2869 5029 4851 5124; baseline 0.001 -23"><span class='ocrx_word' id='word_1_585' title='bbox 2869 5029 3243 5101; x_wconf 86' lang='lat' dir='ltr'>Iuliacensi</span> <span class='ocrx_word' id='word_1_586' title='bbox 3287 5030 3558 5101; x_wconf 87' lang='lat' dir='ltr'>ditione</span> <span class='ocrx_word' id='word_1_587' title='bbox 3601 5032 3898 5124; x_wconf 86' lang='lat' dir='ltr'>scripsit.</span> <span class='ocrx_word' id='word_1_588' title='bbox 4027 5031 4256 5104; x_wconf 88' lang='lat' dir='ltr'>Deum</span> <span class='ocrx_word' id='word_1_589' title='bbox 4297 5045 4660 5101; x_wconf 87' lang='lat' dir='ltr'>aeternum</span> <span class='ocrx_word' id='word_1_590' title='bbox 4705 5029 4851 5102; x_wconf 86' lang='lat' dir='ltr'>Pa·-</span> 
     </span>
     <span class='ocr_line' id='line_1_91' title="bbox 2869 5129 4849 5217; baseline 0.003 -17"><span class='ocrx_word' id='word_1_591' title='bbox 2869 5145 3046 5200; x_wconf 89' lang='lat' dir='ltr'>trem</span> <span class='ocrx_word' id='word_1_592' title='bbox 3099 5130 3372 5201; x_wconf 91' lang='lat' dir='ltr'>domini</span> <span class='ocrx_word' id='word_1_593' title='bbox 3405 5133 3635 5204; x_wconf 88' lang='lat' dir='ltr'>nostri</span> <span class='ocrx_word' id='word_1_594' title='bbox 3666 5131 3826 5204; x_wconf 91' lang='lat' dir='ltr'>Iesu</span> <span class='ocrx_word' id='word_1_595' title='bbox 3857 5129 4121 5205; x_wconf 87' lang='lat' dir='ltr'>Christi</span> <span class='ocrx_word' id='word_1_596' title='bbox 4155 5157 4315 5217; x_wconf 89' lang='lat' dir='ltr'>oro,</span> <span class='ocrx_word' id='word_1_597' title='bbox 4380 5144 4461 5202; x_wconf 91' lang='lat' dir='ltr'>ut</span> <span class='ocrx_word' id='word_1_598' title='bbox 4506 5145 4573 5201; x_wconf 88' lang='lat' dir='ltr'>te</span> <span class='ocrx_word' id='word_1_599' title='bbox 4620 5148 4849 5205; x_wconf 85' lang='lat' dir='ltr'>servet</span> 
     </span>
     <span class='ocr_line' id='line_1_92' title="bbox 2869 5231 4846 5330; baseline 0.002 -27"><span class='ocrx_word' id='word_1_600' title='bbox 2869 5233 3334 5314; x_wconf 86' lang='lat' dir='ltr'>incolumem,</span> <span class='ocrx_word' id='word_1_601' title='bbox 3401 5233 3675 5330; x_wconf 90' lang='lat' dir='ltr'>tibique</span> <span class='ocrx_word' id='word_1_602' title='bbox 3718 5236 3845 5306; x_wconf 89' lang='lat' dir='ltr'>diu</span> <span class='ocrx_word' id='word_1_603' title='bbox 3877 5237 3968 5305; x_wconf 91' lang='lat' dir='ltr'>ad</span> <span class='ocrx_word' id='word_1_604' title='bbox 3995 5231 4347 5306; x_wconf 83' lang='lat' dir='ltr'>Ecclesiae</span> <span class='ocrx_word' id='word_1_605' title='bbox 4380 5256 4544 5304; x_wconf 90' lang='lat' dir='ltr'>suae</span> <span class='ocrx_word' id='word_1_606' title='bbox 4574 5234 4846 5306; x_wconf 87' lang='lat' dir='ltr'>utilita-</span> 
     </span>
    </p>
   </div>
   <div class='ocr_carea' id='block_1_33' title="bbox 2871 5412 3284 5428">
    <p class='ocr_par' dir='ltr' id='par_1_35' title="bbox 2871 5412 3284 5428">
     <span class='ocr_line' id='line_1_93' title="bbox 2871 5412 3284 5428; baseline 0 1489"><span class='ocrx_word' id='word_1_607' title='bbox 2871 5412 3284 5428; x_wconf 95' lang='lat' dir='ltr'> </span> 
     </span>
    </p>
   </div>
   <div class='ocr_carea' id='block_1_34' title="bbox 2929 5529 4236 5856">
    <p class='ocr_par' dir='ltr' id='par_1_36' title="bbox 2936 5529 3594 5603">
     <span class='ocr_line' id='line_1_94' title="bbox 2936 5529 3594 5603; baseline 0 -15"><span class='ocrx_word' id='word_1_608' title='bbox 2936 5535 2991 5603; x_wconf 85' lang='lat'>1)</span> <span class='ocrx_word' id='word_1_609' title='bbox 3032 5533 3285 5588; x_wconf 63' lang='lat' dir='ltr'>Fiat-am</span> <span class='ocrx_word' id='word_1_610' title='bbox 3314 5529 3443 5601; x_wconf 66' lang='lat' dir='ltr'>eod,</span> <span class='ocrx_word' id='word_1_611' title='bbox 3464 5529 3594 5588; x_wconf 70' lang='lat' dir='ltr'>Bar.</span> 
     </span>
    </p>

    <p class='ocr_par' dir='ltr' id='par_1_37' title="bbox 2929 5612 4236 5770">
     <span class='ocr_line' id='line_1_95' title="bbox 2929 5612 4236 5688; baseline 0.001 -19"><span class='ocrx_word' id='word_1_612' title='bbox 2929 5616 2987 5686; x_wconf 78' lang='lat'>2)</span> <span class='ocrx_word' id='word_1_613' title='bbox 3023 5615 3338 5687; x_wconf 74' lang='lat' dir='ltr'>affirmavit</span> <span class='ocrx_word' id='word_1_614' title='bbox 3362 5612 3526 5670; x_wconf 68' lang='lat' dir='ltr'>codd.</span> <span class='ocrx_word' id='word_1_615' title='bbox 3594 5612 3703 5670; x_wconf 75' lang='lat' dir='ltr'>sed</span> <span class='ocrx_word' id='word_1_616' title='bbox 3730 5612 3925 5672; x_wconf 58' lang='lat' dir='ltr'>Pensa</span> <span class='ocrx_word' id='word_1_617' title='bbox 3961 5613 4236 5688; x_wconf 75' lang='lat' dir='ltr'>affirmat.</span> 
     </span>
     <span class='ocr_line' id='line_1_96' title="bbox 2930 5696 3718 5770; baseline -0.005 -14"><span class='ocrx_word' id='word_1_618' title='bbox 2930 5699 2987 5770; x_wconf 74' lang='grc'>8)</span> <span class='ocrx_word' id='word_1_619' title='bbox 3022 5699 3161 5758; x_wconf 75' lang='lat' dir='ltr'>Cod.</span> <span class='ocrx_word' id='word_1_620' title='bbox 3190 5696 3351 5754; x_wconf 65' lang='lat' dir='ltr'>Banu.</span> <span class='ocrx_word' id='word_1_621' title='bbox 3375 5697 3462 5754; x_wconf 73' lang='lat'>89.</span> <span class='ocrx_word' id='word_1_622' title='bbox 3488 5713 3718 5767; x_wconf 77' lang='lat' dir='ltr'>puram.</span> 
     </span>
    </p>

    <p class='ocr_par' dir='ltr' id='par_1_38' title="bbox 2932 5781 3547 5856">
     <span class='ocr_line' id='line_1_97' title="bbox 2932 5781 3547 5856; baseline 0.007 -16"><span class='ocrx_word' id='word_1_623' title='bbox 2932 5782 2993 5856; x_wconf 75' lang='lat'>4)</span> <span class='ocrx_word' id='word_1_624' title='bbox 3030 5781 3208 5842; x_wconf 77' lang='lat' dir='ltr'>codd.</span> <span class='ocrx_word' id='word_1_625' title='bbox 3234 5785 3322 5844; x_wconf 69' lang='lat' dir='ltr'>im:</span> <span class='ocrx_word' id='word_1_626' title='bbox 3536 5803 3547 5816; x_wconf 94' lang='lat'><strong>·</strong></span> 
     </span>
    </p>
   </div>
  </div>
 </body>
</html>
