5325 6917
239 613 318 694 626

242 787 312 861 No.
329 785 443 859 8071.

251 884 426 918 W
996 907 999 919 .
1065 889 1236 919 M

565 968 669 1053 Eue.
698 968 916 1055 Musonio.
935 962 938 966 ¹

315 1129 393 1186 Edita
409 1128 526 1201 primurn
545 1124 575 1182 in
591 1126 631 1186 lb.
645 1130 698 1187 lae.
711 1134 832 1206 Grynaei
847 1131 944 1188 Theoi.
958 1130 1139 1188 Theoremata
1151 1136 1241 1207 probl.

347 1200 423 1255 Part·
435 1198 470 1252 ll.
484 1217 511 1270 p.
527 1200 584 1255 110.
621 1199 721 1256 Eadem
738 1203 835 1273 legitur
846 1202 983 1273 descripta
999 1202 1025 1254 in
1038 1204 1100 1257 cod.
1114 1202 1198 1259 Goth.
1211 1206 1239 1258 in

349 1268 398 1323 sol.
419 1286 468 1322 uo.
486 1269 546 1322 401.
566 1289 592 1340 p.
606 1267 669 1324 ³76.
707 1271 788 1324 Nunc
806 1290 863 1325 eam
879 1272 1004 1325 dedimus
1024 1290 1054 1323 ex
1071 1273 1239 1344 autographo

348 1335 417 1392 Mel.
439 1336 469 1389 in
488 1338 613 1393 biblioth.
631 1338 707 1393 urbis
721 1339 873 1411 Zolingeu,
893 1340 1057 1411 descriptam
1072 1342 1152 1395 uobis
1169 1342 1240 1397 aPl.

345 1406 416 1464 Rev.
429 1407 452 1460 F
453 1403 565 1461 rikarto.

245 1544 472 1626 Clarissimo
490 1546 587 1631 viro,
612 1544 812 1621 eruditione
828 1557 860 1618 et
876 1548 1006 1619 virtute
1018 1550 1240 1645 praestanti,

244 1651 301 1730 D.
317 1644 557 1747 Eutychio
574 1647 810 1733 Musonio,
830 1646 974 1722 docenti
988 1648 1239 1748 Evangelium

239 1756 302 1855 pie
316 1765 348 1826 et
351 1748 718 1849 fideliterAugnstoe
730 1752 775 1827 V
770 1750 1023 1841 indelicornm,
1037 1754 1241 1844 amicosne,

224 1884 289 1976 ’8.
312 1902 358 1978 D.
411 1897 574 1993 Agnosco
593 1904 756 1994 pietatem
775 1918 893 1988 tuam,
919 1904 1036 1978 cariss.
1057 1901 1240 1990 Museole,

245 2009 343 2104 quod
376 2006 566 2076 instaurari
598 2007 732 2076 bellum
766 2002 850 2102 περὶ
876 2001 1031 2079 δείπνου
1058 2012 1240 2102 κυριακοῦ

244 2112 356 2182 doles.
412 2105 465 2176 Ac
487 2109 651 2198 prolecto·
665 2108 862 2178 dolendum
885 2121 957 2199 est,
984 2123 1104 2180 nostra
1127 2124 1239 2180 aetate

245 2210 391 2281 invitari
406 2208 566 2278 ecclesias
582 2209 708 2298 magis,
734 2224 775 2280 ut
784 2208 967 2280 Homerici
981 2211 1167 2282 bellatores
1182 2212 1240 2281 di-

245 2325 348 2383 cunt:
374 2314 447 2383 νῦν
469 2304 507 2381 ‹l‘
533 2308 678 2405 ἔρχεσθ’
707 2307 765 2382 tot
790 2306 961 2396 δεῖπνον,
985 2311 1050 2384 ἵνα
1071 2305 1240 2411 ξυνάγω-

242 2438 315 2507 μεν
336 2408 494 2507 ἄρηα’),
520 2437 646 2504 quam,
669 2425 709 2482 ut
728 2408 893 2483 Christus
915 2438 981 2483 nos
1000 2414 1150 2499 invitat,
1176 2416 1240 2508 qui

245 2518 285 2585 in
305 2508 373 2584 hoc
394 2514 467 2583 ritu
488 2514 613 2583 foedus
632 2514 710 2583 vult
731 2513 807 2583 lieri
830 2538 931 2584 verae
954 2529 988 2585 et
1011 2540 1086 2585 non
1102 2518 1239 2587 fucatae

242 2611 563 2710 benivolentiae²).
614 2613 686 2685 Sed
709 2616 865 2686 mundus
885 2617 1016 2709 impius
1030 2642 1164 2713 poenas
1180 2621 1240 2689 dat

242 2717 534 2812 profanationum
562 2715 757 2807 superioris
785 2718 926 2802 aetatis,
960 2741 1048 2811 quas
1072 2733 1114 2790 ut
1143 2720 1239 2790 filius

179 2863 185 2869 ·
242 2819 311 2893 Dei
320 2872 332 2906 ,
356 2817 534 2890 Dominus
544 2832 665 2888 noster
681 2816 776 2889 lesus
785 2814 966 2904 Christus,
985 2819 1142 2910 mitiget,
1158 2844 1239 2889 ore-

244 2946 333 2993 mus.
386 2917 553 3012 Optarim
576 2914 664 3000 τοὺς
679 2913 896 3013 Ἐλβετίους
924 2944 999 2990 non
1026 2925 1238 3012 respondere

243 3023 405 3118 proximo
419 3014 584 3091 Lutheri
595 3022 752 3113 scripto,
759 3046 825 3093 nec
839 3023 973 3093 addere
983 3026 1059 3117 πῦρ
1076 3019 1135 3098 ἐπὶ
1149 3028 1239 3119 πῦρ,

243 3123 450 3218 praesertim
470 3147 549 3192 cum
574 3123 679 3196 instet
701 3138 916 3211 conventus,
942 3125 1068 3217 inquo
1090 3149 1239 3195 concor-

244 3227 303 3297 dia
324 3224 430 3295 nobis
451 3224 617 3294 omnibus
638 3248 728 3315 opus
750 3227 835 3311 erit,
868 3228 930 3320 qui
956 3227 1145 3318 puritatem
1172 3230 1238 3297 do-

243 3328 378 3400 ctrinae
393 3350 511 3396 amare
530 3350 596 3395 uos
613 3321 783 3397 hactenus
800 3330 949 3418 professi
964 3341 1096 3404 sumus.
1136 3325 1238 3400 Nihil

243 3428 526 3521 intempestivius
551 3442 620 3516 est,
652 3452 761 3522 quam
782 3452 880 3500 nunc
901 3432 1092 3501 accendere
1114 3433 1239 3502 dome-

242 3534 329 3605 stica
347 3531 549 3602 certamina.

346 3629 499 3702 Irenuei
509 3630 838 3722 interpretationem
852 3629 1037 3701 absolvere
1054 3645 1087 3703 te
1104 3634 1237 3718 malim,

241 3760 348 3832 quam
365 3760 447 3805 cnm
463 3734 694 3803 insulsissimo
712 3727 926 3827 sycophanta
940 3722 1099 3803 Coehleo
1117 3736 1237 3819 rixari,

239 3837 448 3933 praesertim
464 3861 543 3906 cum
557 3836 638 3906 talis
653 3834 696 3905 sit
714 3830 836 3921 hostis,
860 3848 901 3906 ut
916 3832 1044 3930 vere³)
1059 3837 1149 3906 illud
1159 3835 1236 3907 Ho-

241 3942 413 4011 mericum
428 3940 472 4008 de
490 3963 530 4008 eo
548 3936 620 4007 dici
633 3934 762 4028 possit:

293 4049 418 4137 Κωφὸν
432 4050 493 4136 γὰρ
509 4049 601 4131 βέλος
615 4047 733 4133 ἀνδρὸς
747 4045 915 4125 ἀνάλκιδος
926 4048 1105 4117 odredordio
1113 4050 1151 4133 ⁴).

342 4156 491 4229 Utinam
525 4156 646 4225 liceret
678 4170 794 4226 tecum
823 4169 858 4224 et
885 4181 965 4226 cum
997 4156 1041 4232 D.
1062 4155 1234 4251 Geryone
1286 4201 1342 4272 No
1364 4199 1466 4272 3073

240 4260 409 4352 colloqui.
461 4256 531 4329 Sed
548 4258 650 4327 illum
664 4258 822 4327 fortassis
837 4257 876 4327 in
894 4274 1072 4329 conventu
1092 4260 1234 4334 videbo.
1289 4250 1502 4328 ..⁹0⁵2

240 4360 339 4431 Bene
363 4361 440 4430 vale
466 4372 501 4429 et
525 4360 569 4428 de
593 4374 769 4431 conventu
793 4361 969 4453 quidquid
995 4361 1116 4431 audies
1136 4358 1235 4443 ἀξιο-

238 4453 499 4558 μνημονετηόν
516 4461 684 4550 significa.
735 4459 803 4530 Die
823 4459 1040 4546 10.Novhr.,
1065 4486 1137 4554 quo
1153 4478 1234 4532 ante

238 4589 354 4637 annos
378 4579 521 4635 eentum
541 4565 585 4633 ad
603 4561 757 4633 Varnam
776 4564 970 4633 trucidatus
987 4575 1039 4633 est
1052 4586 1113 4631 rex
1132 4558 1177 4633 V
1174 4559 1234 4632 la-

240 4662 389 4740 dislaus
404 4667 450 4737 ab
465 4666 620 4738 exercitu
635 4660 830 4734 Amuratis
844 4658 891 4758 ⁸).

751 4762 941 4858 Philippus
959 4760 1185 4836 Melanthon.

237 4924 474 4944 *μ

273 5033 301 5099 1)
322 5028 442 5100 Margini
462 5023 619 5100 autographi
643 5023 777 5096 adscripta
791 5035 855 5079 sunt
873 5024 973 5093 (aliena
987 5023 1058 5079 haud
1073 5026 1158 5080 dubio
1173 5043 1234 5079 ma·

411 5115 512 5167 „nune
532 5096 623 5152 venite
642 5095 675 5147 ad
694 5112 806 5148 coenam
850 5103 880 5146 ut
904 5092 1083 5148 conciliemur
1104 5095 1235 5165 Martem,

814 613 1246 694 ttets‘routnun
1305 612 1512 690 LtB.1x.
1567 612 1701 692 sset.

1092 803 1150 863 10.
1160 793 1242 859 nov.
1265 798 1269 856 ι
1293 786 1361 860 Νο.
1379 786 1490 859 tote.

1299 881 1472 916 Μ
2110 888 2282 915 Μ

1644 988 1703 1074 Α.
1731 989 1936 1074 Murtino.

1393 1148 1471 1219 †Ex
1489 1168 1583 1224 apogr.
1600 1149 1628 1204 iu
1647 1149 1709 1205 cod.
1731 1149 1817 1212 Parit.
1834 1152 1870 1206 D.
1891 1151 1922 1208 L.
1941 1149 2001 1206 54⁸.

1292 1302 1462 1403 Egregia
1484 1303 1687 1378 eruditione
1707 1318 1739 1379 et
1764 1307 1894 1379 virtute
1909 1304 2098 1407 praedito,
2125 1305 2181 1385 D.
2196 1309 2231 1382 Α
2239 1336 2288 1381 n-

1293 1406 1429 1479 dreae
1455 1405 1513 1478 M
1517 1408 1722 1505 ortino¹)
1745 1410 1785 1479 in
1810 1407 1904 1482 aula
1931 1408 2107 1483 Illustris
2128 1408 2291 1484 Domini

1354 1509 1512 1581 Ernesti
1524 1508 1694 1582 Batonis
1711 1538 1735 1582 a
1749 1510 1899 1608 Kraig‚
1927 1527 1991 1586 etc.
2017 1513 2136 1585 amico
2152 1539 2231 1586 suo.

1292 1626 1337 1716 S.
1363 1643 1408 1719 D.
1460 1643 1706 1718 Honorificam
1733 1650 1787 1719 tui
1812 1648 2029 1721 mentionem
2053 1650 2137 1720 lecit
2157 1648 2224 1720 Vir
2244 1652 2291 1722 il·
2389 1672 2400 1679 ·

1291 1743 1434 1831 lustris,
1449 1747 1616 1818 domiuus
1633 1763 1733 1832 tuus,
1754 1752 1792 1819 in
1812 1752 1942 1837 literis,
1963 1777 2050 1845 quas
2066 1754 2111 1822 ad
2125 1774 2183 1822 me
2200 1754 2290 1824 scri·

1292 1848 1372 1938 psit.
1409 1848 1490 1937 Qua
1509 1874 1550 1918 ex
1566 1874 1604 1918 re
1623 1875 1786 1941 magnam
1806 1854 1905 1943 capio
1922 1856 2155 1947 voluptatem.
2198 1854 2288 1926 Nam

1292 1949 1377 2039 ipsis
1392 1950 1503 2020 literis
1522 1966 1556 2027 et
1579 1967 1720 2023 nostrae
1736 1951 1934 2040 Ecclesiae,
1960 1980 2050 2051 quae
2065 1969 2116 2026 est
2130 1952 2289 2027 Ecclesia

1290 2049 1359 2121 Dei
1383 2065 1417 2122 et
1437 2053 1576 2122 domini
1599 2056 1713 2124 nostri
1731 2054 1811 2126 lesu
1827 2052 1981 2143 Christi,
2007 2053 2198 2130 honestum
2226 2071 2289 2143 est,

1291 2165 1432 2222 nostros
1445 2155 1624 2225 auditores
1642 2158 1731 2228 bene
1748 2173 1904 2230 moratos
1925 2182 2008 2229 esse.
2058 2156 2151 2231 Cum
2167 2174 2286 2231 autem

1290 2258 1384 2345 apud
1409 2279 1474 2324 nos
1498 2251 1646 2327 honeste
1671 2260 1819 2345 vixeris,
1859 2274 1893 2329 et
1920 2261 2137 2352 optimarum
2156 2263 2288 2333 artium

1291 2357 1454 2426 doctrina
1471 2359 1647 2449 praeclare
1662 2362 1820 2430 excultus
1834 2362 1893 2447 sis,
1909 2363 1981 2432 scio
1998 2363 2065 2433 tibi
2080 2387 2155 2435 non
2171 2365 2289 2432 deesse

1290 2458 1463 2527 iudicium
1479 2461 1535 2529 vel
1552 2461 1596 2528 de
1614 2462 1775 2532 moribus
1793 2464 1863 2533 tuis
1878 2464 2051 2554 regendis,
2068 2465 2123 2534 vel
2142 2466 2186 2534 de
2201 2466 2289 2534 ado-

1291 2561 1504 2646 lescentum,
1535 2585 1624 2654 quos
1647 2564 1770 2649 doces,
1797 2565 2031 2639 institutione.
2085 2564 2182 2636 lllud
2207 2579 2289 2636 tau-

1291 2675 1367 2732 tum
1389 2662 1475 2731 duxi
1497 2664 1770 2734 adscribendum
1795 2689 1868 2736 esse
1891 2681 1994 2761 teque
2011 2681 2047 2736 et
2062 2669 2287 2737 monendum

1291 2776 1325 2831 et
1350 2765 1547 2846 orandum,
1581 2767 1685 2835 utin
1715 2769 1876 2838 docendo
1908 2769 2129 2839 iracundiam
2161 2770 2290 2840 frenas.

1290 2861 1424 2932 Melius
1450 2878 1501 2934 est
1524 2865 1629 2934 etiam
1650 2892 1794 2957 peccare
1809 2870 1968 2944 lenitate.
2018 2868 2172 2942 Gratum
2197 2865 2289 2940 mihi

1289 2964 1415 3052 facies,
1447 2965 1477 3032 si
1500 2965 1544 3033 de
1564 2977 1625 3034 tua
1651 2964 1771 3037 schola
1796 2965 1886 3038 mihi
1910 2971 2060 3053 scribes,
2088 2973 2189 3043 etde
2214 2985 2289 3043 toto

1290 3065 1440 3135 consilio
1471 3064 1707 3137 institutionis
1736 3069 1812 3137 eius
1844 3071 2063 3156 iuventutis,
2104 3097 2194 3165 quae
2220 3074 2288 3144 tihi

1290 3168 1536 3237 commendata
1553 3182 1615 3243 est.
1658 3166 1757 3239 Bene
1771 3169 1860 3243 vale.
1903 3169 2024 3240 Pridie
2042 3172 2122 3241 festi
2139 3168 2175 3246 5.
2185 3172 2288 3242 Mar-

1290 3270 1376 3355 tini,
1403 3294 1474 3362 quo
1490 3284 1572 3341 ante
1589 3294 1702 3340 annos
1718 3284 1860 3341 centum
1877 3295 2006 3361 magno
2020 3274 2157 3363 proelio
2173 3273 2288 3345 victus

1290 3385 1343 3442 est
1357 3373 1401 3441 ad
1417 3369 1572 3442 Varnam
1588 3374 1759 3443 exercitus
1774 3373 2000 3462 Hungaricus
2011 3369 2046 3471 ²)
2063 3375 2191 3445 amisso
2208 3399 2289 3467 rege

1289 3472 1483 3547 Vladislao.
1536 3473 1682 3546 Utinam
1700 3473 1796 3545 Deus
1813 3500 1908 3545 nunc
1930 3491 2126 3566 grassantes
2150 3476 2289 3549 Turcos

1289 3576 1470 3668 reprimat.
1529 3574 1723 3647 Pecuniam
1749 3577 1936 3648 inventam
1960 3580 2055 3649 iuter
2075 3603 2196 3656 caseos
2221 3606 2289 3651 no-

1288 3679 1477 3749 stros'dedi
1497 3669 1670 3776 Casparo
1692 3672 1918 3754 Gaudentio.

1762 3809 1953 3907 Philippus
1979 3810 2206 3889 Melanthon.

2115 4215 2174 4276 18.
2193 4204 2272 4271 Nov.

2104 4296 2277 4328 W

1675 4399 1904 4487 Sotionem.

1356 4569 1376 4635 †
1395 4565 1434 4619 Er
1453 4563 1611 4638 apographo
1624 4564 1652 4619 in
1666 4564 1728 4619 cod.
1741 4563 1854 4618 Monac.
1867 4563 1911 4619 88.
1929 4582 1976 4619 no.
1991 4563 2040 4619 lV.
2057 4583 2085 4639 p.
2100 4564 2186 4622 1851).

1664 4713 1910 4791 Schonero.

1285 4839 1328 4930 S·
1354 4857 1401 4935 D.
1451 4856 1526 4929 Deo
1545 4856 1673 4948 gratias
1689 4878 1774 4946 ago,
1803 4859 1898 4951 quod
1920 4880 1994 4927 non
2014 4858 2102 4930 sinit
2126 4861 2283 4954 extingui

1285 4958 1452 5033 honestas
1473 4974 1564 5031 artes
1585 4960 1678 5032 vitae
1701 4960 1913 5029 necessarias
1938 4961 1982 5029 de
1997 4961 2153 5033 motibus
2169 4966 2285 5035 eoele-

1286 5066 1419 5149 stibus,
1445 5065 1505 5132 sed
1532 5086 1589 5132 eas
1611 5085 1708 5132 nunc
1725 5061 1869 5155 quidem
1889 5074 1950 5131 tna
1967 5075 2002 5133 et
2016 5087 2211 5156 paucorum
2226 5068 2285 5136 di·

306 5102 375 5237 iili
395 5167 469 5240 ‘1⁰⁰⁶
493 5166 578 5237 Μὴ
599 5165 700 5235 placet,
725 5174 756 5216 ¹¹¹
773 5129 938 5231 colligamus
958 5160 1074 5219 bellom.
1109 5163 1233 5221 ¹¹1·st
1284 5166 1428 5257 ligentia
1445 5179 1478 5237 et
1493 5166 1562 5236 lide
1579 5177 1712 5249 servat,
1739 5179 1774 5235 et
1787 5164 1853 5235 tibi
1870 5164 1999 5232 dehere
2025 5168 2284 5258 rempublioam

305 5237 376 5293 Sunt
388 5236 472 5293 rerba
487 5231 698 5307 Agamemnonis
710 5232 745 5286 ad
760 5230 913 5285 Nestorem.
923 5230 942 5257 ”

269 5324 299 5394 2)
316 5325 363 5381 Sic
377 5322 462 5378 edidit
474 5319 617 5404 Gryuaeus
631 5330 658 5373 et
671 5318 805 5404 nicetiana
819 5314 920 5438 legitur
934 5315 963 5369 in
976 5315 1038 5371 cod.
1058 5314 1141 5373 Goth.
1177 5317 1232 5372 Sed

268 5548 298 5617 8)
318 5544 408 5617 Gryn.
419 5543 497 5613 sere.

266 5633 295 5704 4)
307 5631 326 5688 i.
332 5651 356 5686 e.
368 5627 491 5684 inefficax
511 5625 684 5681 retiaculum
698 5623 752 5682 viri
762 5623 890 5683 imbellia.
912 5624 1022 5695 Homer,
1031 5622 1107 5680 Iliad.
1114 5622 1230 5695 Xl,l90.

268 5721 299 5788 5)
318 5717 408 5840 tityri.
422 5712 500 5770 addit
517 5729 619 5767 anuum
635 5712 726 5781 teet,
741 5711 868 5783 quivero
888 5712 918 5769 iu
929 5711 1099 5787 autographo
1113 5731 1170 5768 nou
1188 5711 1229 5769 le·

303 5806 329 5859 gr
343 5804 386 5840 ur.

1282 5269 1535 5361 gratitudinem
1565 5267 1752 5359 profiteor,
1784 5289 1891 5361 quam
1924 5265 2071 5359 quidem
2095 5271 2285 5364 principes,

865 5386 1072 5452 antoninae,
1092 5385 1166 5458 quot
1185 5404 1231 5441 er-
1283 5385 1318 5444 et
1338 5373 1590 5463 gubernatores
1619 5369 1798 5443 deelarare
1828 5367 1957 5464 amplis
1987 5373 2196 5447 muneribus
2225 5374 2284 5447 iu·

1316 5691 1343 5755 l)
1360 5686 1385 5739 ls
1400 5696 1491 5757 postea
1506 5684 1645 5738 Roetochii
1659 5681 1733 5738 ririt.
1768 5683 1834 5739 Vid.
1846 5702 1889 5757 ep.
1902 5684 1930 5743 d.
1942 5687 1971 5741 d.
1988 5689 2031 5744 2⁵.
2047 5687 2118 5748 Nor.
2135 5691 2213 5766 1⁶5³.

1313 5775 1344 5843 2)
1364 5770 1391 5827 d.
1406 5773 1445 5825 10.
1460 5768 1533 5826 Nor.
1546 5785 1619 5822 anno
1635 5765 1713 5825 1414.
