5325 6917
230 716 306 795 ‘125

240 889 308 961 No.
323 885 437 961 5169.

236 989 451 1025 Μ

531 1076 603 1162 Ca.
642 1074 928 1162 Goldsteinin

298 1264 318 1325 †
335 1260 373 1311 Ex
391 1254 553 1378 aqqgraplqip
569 1255 599 1310 in
618 1254 680 1314 cod.
695 1254 777 1310 Goth.
792 1252 851 1307 191.
872 1272 899 1324 p.
912 1251 981 1307 681).
995 1262 1021 1306 et
1039 1252 1068 1305 in
1081 1254 1143 1309 cod.
1158 1252 1222 1307 Mo-

334 1346 396 1382 nac.
451 1344 504 1395 .p.
554 1361 563 1378 .

312 1473 367 1551 D.
394 1468 625 1548 Chiliano
651 1467 908 1544 Goldstar‘n
935 1467 1005 1545 Ph.
1033 1469 1132 1548 Mel.

231 1590 562 1691 Deliberationem‚
585 1631 691 1701 quam
708 1607 776 1676 tibi
794 1593 947 1676 describi
961 1606 1115 1690 volebas,
1141 1607 1224 1677 mit-

232 1727 303 1781 tam
325 1724 406 1802 post
422 1733 552 1802 paucos
569 1711 643 1778 dies
662 1732 824 1777 excusam
841 1707 933 1801 typis
954 1721 1015 1777 aut
1039 1723 1131 1778 certe
1147 1733 1224 1777 ma-

231 1838 280 1884 nu
306 1814 529 1902 descriptam.
581 1809 686 1879 Nunc
708 1811 803 1878 enim
828 1809 939 1878 latine
961 1810 1091 1894 reddo,
1117 1834 1223 1902 quam

231 1930 332 1985 antea
360 1915 480 2002 lingna
511 1933 676 1999 germana
706 1910 890 2001 composui
907 1910 946 2005 ¹).
1002 1908 1082 2000 Etsi
1104 1926 1223 1982 autem

230 2009 395 2085 Carolus
412 2037 485 2082 non
500 2009 666 2083 abhorret
681 2038 700 2083 a
713 2014 904 2082 moderatis
919 2014 1087 2098 consiliis,
1104 2027 1222 2084 tamen

231 2119 383 2189 aliorum
409 2116 567 2200 furores,
594 2116 656 2207 qui
684 2115 773 2194 sint,
799 2115 971 2183 videmus.
1023 2113 1162 2185 Recens
1184 2116 1223 2181 in

230 2213 385 2311 Belgica
404 2230 566 2286 matrona
589 2217 723 2285 nobilis
746 2240 827 2285 cum
850 2217 987 2284 duabus
1003 2216 1143 2285 filiabus
1166 2216 1223 2306 pie

233 2335 267 2389 ct
284 2320 412 2410 pudice
429 2319 585 2388 educatis
601 2331 751 2387 cremata
769 2331 818 2388 est
835 2331 979 2408 propter
995 2318 1073 2407 piae
1089 2319 1224 2386 doctri-

217 2407 298 2489 ¹nae
319 2420 597 2504 confessionem,
624 2433 658 2487 et
676 2419 782 2488 audio
801 2442 858 2487 eas
880 2442 954 2487 non
976 2419 1080 2487 luisse
1102 2432 1224 2488 conta-

233 2524 383 2591 minatas
403 2521 514 2591 -malis
541 2520 784 2612 opinionibus.
834 2517 926 2588 Cum
953 2520 1104 2589 iunioris
1132 2520 1223 2588 filiae

232 2624 448 2715 supplicium
466 2624 614 2694 dilatum
637 2633 745 2705 esset,
769 2632 810 2689 ut
825 2622 1022 2710 spectaculo
1043 2623 1223 2711 frangere-

234 2741 310 2811 tur,
334 2727 549 2813 interrogata
568 2735 705 2815 postea,
732 2745 778 2790 an
795 2735 1016 2792 recantatura
1035 2734 1143 2805 essct,
1169 2745 1225 2789 re-

234 2827 397 2918 spondit,
422 2849 458 2894 se
479 2826 610 2895 ituram
626 2826 670 2893 ad
692 2836 840 2892 matrem
855 2838 890 2893 et
910 2847 1066 2893 sororem
1084 2823 1122 2891 in
1146 2847 1226 2891 coe-

232 2930 320 3001 lum.
346 2926 399 2998 lta
416 2941 449 2998 et
466 2929 510 2995 dc
524 2927 599 3016 ipsa
616 2938 796 3015 sumptum
811 2937 862 2993 est
877 2926 1099 3017 supplicium.
1127 2921 1226 3011 Quas

234 3052 358 3121 rupes,
385 3052 474 3121 quos
492 3027 655 3118 scopulos
677 3051 752 3096 non
773 3041 932 3095 moveret
948 3021 1033 3095 haec
1047 3027 1225 3117 asperitas.

233 3129 307 3200 Nec
323 3142 435 3221 potest
449 3124 536 3197 haec
552 3128 695 3197 saevitia
712 3128 882 3198 diuturna
898 3150 980 3201 esse.
1024 3126 1094 3198 Sed
1111 3128 1225 3197 lilium

234 3230 321 3316 Dei,
343 3232 528 3299 dominum
552 3242 664 3302 nostr.
689 3228 716 3298 l.
732 3226 771 3297 C.
793 3252 954 3309 oremus,
981 3244 1021 3299 ut
1044 3253 1110 3298 nos
1130 3241 1227 3318 regat

235 3348 268 3404 et
284 3346 397 3401 servet
421 3327 483 3400 has
500 3328 676 3400 Ecclesias
697 3344 730 3399 et
746 3331 899 3420 politias.
934 3327 976 3398 B.
993 3329 1037 3398 V.
1070 3329 1173 3400 Feria
1189 3331 1226 3405 5.

235 3450 315 3526 post
330 3433 535 3503 Palmarum
550 3457 636 3504 ann.
649 3428 678 3526 ²)
694 3425 802 3503 1545.

388 3633 517 3708 Mulli
530 3649 616 3735 sunl
634 3638 768 3723 vocati,
791 3638 905 3736 pauci
920 3634 1020 3707 electi
1033 3636 1073 3733 ³).

809 683 1249 787 ar‘rsronanuu
1308 710 1417 791 nm.
1450 714 1515 793 rx.
1570 712 1701 793 1645.

1085 885 1253 1033 wi

2199 734 2274 813 726

1279 885 1460 955 doctrinae
1487 887 1719 962 fundamenta
1749 907 1783 963 et
1809 901 2128 973 controversiarum
2152 908 2268 979 sontes

1278 985 1436 1074 ignorat,
1464 1014 1503 1059 ac
1525 993 1673 1083 perinde
1694 996 1894 1070 considerat
1915 1019 2056 1071 cursum
2070 1001 2267 1100 Evangelii,

1276 1101 1318 1158 ut
1333 1089 1397 1159 bos
1414 1115 1544 1161 novam
1563 1107 1702 1183 portam
1716 1096 1870 1188 inspicit.

1378 1189 1421 1285 2)
1445 1192 1540 1264 Sunt
1564 1209 1681 1266 autem
1702 1199 1782 1282 alii,
1809 1214 1843 1271 et
1864 1197 1903 1270 hi
1923 1207 2067 1298 quidem
2087 1213 2208 1304 magni
2231 1228 2265 1283 et

1277 1293 1434 1377 nobiles,
1461 1298 1523 1389 qui
1538 1309 1616 1367 suas
1633 1300 1677 1368 de
1691 1301 1862 1391 religione
1876 1308 2063 1396 opiniones
2080 1309 2265 1384 inflectunt

1277 1418 1375 1464 more
1391 1393 1583 1492 Ezehoti*)
1608 1402 1652 1469 ad
1670 1402 1814 1472 affectus
1836 1411 2074 1496 praesentium
2088 1414 2266 1501 guberna-

1276 1509 1406 1569 torum.
1456 1498 1562 1569 Tales
1576 1526 1672 1572 nunc
1690 1506 1792 1575 multi
1807 1523 1890 1578 sunt
1905 1510 1942 1578 in
1957 1513 2066 1598 aulis,
2091 1516 2154 1607 qui
2172 1511 2264 1586 hane

1277 1598 1333 1665 vel
1357 1599 1453 1667 illam
1477 1603 1684 1690 religionem
1704 1609 1873 1695 probant,
1900 1637 1974 1681 non
1998 1618 2092 1707 quod
2108 1641 2190 1687 vere
2214 1619 2262 1688 ita

1275 1700 1440 1815 sentiant,
1464 1696 1562 1803 [sed]
1577 1705 1659 1798 quia
1674 1710 1803 1779 noltmt
1816 1711 1994 1785 offendere
2009 1718 2145 1786 animos
2161 1720 2263 1809 prin-

1276 1825 1405 1891 cipum.

1342 1986 1346 1992 ¹
1377 1905 1418 1994 8)
1442 1903 1534 1975 Sunt
1563 1907 1668 1976 etiam
1695 1911 1775 1994 alii,
1817 1914 1878 2005 qui
1910 1938 2078 2004 magnum
2108 1923 2264 1992 studium

1277 2004 1414 2093 pietatis
1433 2020 1466 2074 ct
1482 2007 1659 2097 singulare
1682 2013 1775 2082 zelus
1800 2038 1883 2103 prae
1905 2019 2094 2104 seierum,
2121 2024 2180 2091 sed
2197 2018 2265 2093 boc

1275 2120 1456 2194 praetextu
1482 2133 1561 2177 suas
1584 2111 1794 2201 cupiditates
1812 2117 1950 2207 explere
1969 2136 2154 2195 conantur.
2206 2121 2264 2192 Ad

1277 2202 1372 2276 hunc
1405 2210 1547 2278 tertium
1579 2213 1726 2298 gradum
1761 2217 1940 2307 pertinent
1972 2223 2075 2291 multi
2102 2219 2264 2294 homines

1276 2308 1381 2379 leves.

1378 2405 1420 2504 4)
1447 2410 1650 2482 Postremus
1676 2417 1806 2504 gradus
1835 2422 1992 2490 continet
2019 2449 2101 2492 vere
2127 2426 2266 2510 electos,

1277 2505 1430 2593 horest,
1456 2537 1608 2606 qnorum
1630 2520 1730 2585 mens
1749 2534 1842 2589 recte
1857 2521 1990 2592 iudicat
2003 2525 2046 2593 de
2068 2528 2266 2620 praecipuis

1278 2614 1527 2682 controversiis
1556 2630 1590 2686 et
1617 2640 1736 2686 earum
1765 2621 1995 2694 fundamenta
2019 2627 2205 2717 intelligit,
2232 2643 2265 2699 et

1277 2714 1442 2783 voluntas
1458 2716 1506 2783 sic
1523 2721 1544 2782 a‘
1561 2715 1621 2806 Sp.
1638 2716 1674 2791 S.
1693 2721 1895 2792 confirmata
1919 2738 1988 2810 est,
2014 2742 2054 2798 ut
2072 2753 2144 2796 non
2160 2731 2266 2799 dubi-

1278 2827 1354 2883 tent
1371 2840 1493 2884 0mnes
1513 2838 1567 2884 res
1592 2811 1765 2891 humanas
1786 2824 1947 2895 amittere
1965 2842 2110 2918 propter
2130 2833 2287 2901 conses-'

1278 2915 1414 2983 sionem
1430 2917 1612 3018 doctrinae
1629 2919 1801 2991 divinitus
1817 2927 1977 2996 traditae.
2036 2927 2090 2999 De
2105 2927 2169 3001 hac
2185 2958 2266 3025 per·

1279 3019 1494 3102 severantia,
1520 3043 1608 3111 quae
1628 3019 1666 3086 in
1689 3046 1819 3110 pancos
1835 3026 1945 3104 cadit,
1973 3028 2049 3096 sine
2069 3032 2141 3099 ulla
2161 3035 2267 3102 dubi-

1278 3120 1413 3190 tatione
1429 3119 1589 3213 loquitur
1603 3115 1778 3194 Christus.
1816 3121 1898 3197 Non
1915 3127 2007 3194 enim
2025 3131 2108 3199 sacit
2124 3132 2266 3201 electio-

1278 3245 1360 3288 nem
1378 3222 1645 3311 particularem,
1668 3226 1728 3292 scd
1748 3225 1824 3296 vult
1845 3227 2000 3296 discerni
2019 3234 2148 3320 gradus
2163 3235 2265 3303 audi·
2380 3247 2389 3256 ‘

1280 3336 1396 3391 torum
1422 3321 1626 3414 Evangelii,
1662 3349 1791 3419 eosque
1813 3330 1990 3398 aestimari
2017 3356 2091 3400 non
2121 3335 2265 3426 quidem

1280 3438 1421 3493 externa
1438 3427 1571 3515 specie,
1598 3452 1666 3518 qua
1686 3424 1779 3496 nihil
1796 3428 1964 3501 incertius
1982 3446 2016 3502 et
2029 3434 2189 3505 fallacius
2206 3451 2267 3522 est,

1279 3528 1339 3593 sed
1355 3527 1467 3595 causis
1482 3526 1723 3609 interioribus,
1747 3530 1880 3600 scilicet
1896 3531 2012 3604 mente
2029 3550 2062 3606 ct
2075 3537 2266 3611 voluntate.
2286 3560 2288 3564 ·

1283 3752 2061 3772 —----————--—-.·—.—-.-—--—-—--.----
2147 3769 2155 3774 -
2175 3770 2185 3776 -
2195 3770 2263 3780 -..-

339 3787 515 3878 Theologi
548 3790 660 3859 multa
690 3803 723 3859 et
756 3790 853 3858 varia
880 3789 1062 3880 disputant
1087 3792 1130 3858 de
1158 3786 1226 3860 hoc
1315 3811 1321 3822 ‘

238 3892 351 3974 dicto,
384 3895 444 3960 sed
474 3905 648 3983 quantum
675 3914 738 3979 ego
768 3891 933 3962 existimo
965 3891 1226 3982 simplicissima

238 3993 423 4085 explicatio
448 3992 541 4062 sumi
564 4006 677 4084 potest
700 4016 741 4060 ex
768 3992 1050 4062 consideratione
1075 4007 1227 4086 quatuor

239 4097 430 4184 graduum,
458 4117 547 4186 quos
568 4090 774 4162 Aristoteles
797 4108 962 4167 recenset.
1014 4093 1107 4165 Sunt
1131 4096 1227 4165 enim

180 4236 185 4242 ·
239 4197 417 4266 auditores
433 4193 620 4283 Evangelii
636 4195 894 4286 quadruplices.
948 4191 987 4288 1)
1010 4190 1084 4272 atii
1108 4211 1228 4266 amant

239 4294 473 4386 Evangelium
519 4287 646 4389 φύσει,
695 4296 719 4367 ἰ.
751 4320 779 4363 e.
810 4298 1038 4380 naturaliter,
1083 4300 1120 4366 id
1157 4311 1227 4381 est,

241 4400 397 4467 oderunt
417 4397 558 4467 vincula
575 4398 691 4486 legum
713 4410 749 4466 et
764 4399 1062 4481 ceremoniarum,
1087 4413 1120 4467 et
1143 4422 1227 4467 con-

241 4515 295 4570 tra
313 4514 433 4568 amant
453 4499 663 4567 laxationem
684 4491 907 4587 disciplinae,
934 4522 1042 4591 quare
1058 4524 1137 4568 cum
1155 4500 1229 4567 exi-

242 4602 404 4683 stimant,
430 4597 616 4689 Evangelii
632 4599 828 4668 doctrinam
848 4622 920 4668 csse
938 4614 1066 4669 rectam
1083 4616 1116 4671 et
1132 4624 1229 4668 com-

1289 3885 1358 3956 No.
1374 3889 1490 3958 5170.

1284 3990 1496 4025 Μ

2104 3908 2157 3986 <a
2180 3910 2266 3994 Aer)

2109 4001 2264 4028 m

1680 4096 1715 4180 1.
1731 4095 1877 4184 Ionae.

1349 4264 1427 4317 Edita
1455 4265 1484 4317 in
1508 4267 1555 4320 111).
1577 4267 1624 4325 111.
1649 4272 1726 4340 epist.
1752 4292 1778 4343 p.
1800 4275 1859 4328 171.
1884 4295 1899 4328 a
1924 4276 2041 4333 Perelio.
2068 4279 2156 4346 (Edit.
2175 4283 2265 4339 Lond.

1383 4334 1431 4387 lib.
1453 4334 1501 4388 111.
1520 4355 1563 4406 ep.
1579 4336 1633 4419 97.)
1653 4371 1685 4380 —
1728 4342 1841 4397 Contuli
1866 4344 1972 4411 Apogra
1993 4347 2025 4399 bs
2050 4348 2076 4400 iu
2102 4351 2163 4405 cod.
2183 4352 2265 4409 Goth.

1382 4403 1441 4457 191.
1459 4421 1486 4474 p.
1499 4404 1543 4459 85.
1560 4414 1585 4459 et
1605 4426 1633 4460 m
1653 4408 1712 4466 cod.
1732 4407 1816 4464 Gotb.
1834 4410 1895 4465 tot.
1917 4431 1944 4484 p.
1956 4365 2022 4467 sib.

1611 4556 1747 4631 Iusto
1782 4560 1935 4633 Ionae.

242 4702 463 4794 pendiariam
486 4702 580 4768 viam
600 4703 644 4768 ad
670 4700 899 4769 obtinendam
921 4700 1118 4780 licentiam,
1141 4725 1230 4793 quae
1281 4672 1327 4763 S·
1354 4692 1399 4766 D.
1451 4692 1565 4765 Aiunt
1578 4689 1812 4765 Timotheum
1829 4694 1998 4795 Ducem¹)
2018 4695 2187 4783 Atticum,
2212 4708 2270 4776 cui

243 4806 361 4873 omnia
381 4826 488 4873 onera
505 4801 652 4884 excutit,
677 4802 831 4892 quodam
850 4825 950 4871 caeco
968 4803 1085 4871 studio
1108 4803 1230 4870 serun-
1284 4796 1475 4886 pingebant
1502 4797 1692 4866 dormienti
1718 4800 1896 4870 fortunam
1922 4802 2068 4892 implere
2086 4798 2115 4895 ²)
2144 4799 2271 4878 insulis

244 4919 303 4975 tur
318 4907 362 4975 ad
376 4927 529 4974 amorem
542 4897 741 4990 Evangelii.
794 4900 851 4972 Ad
867 4899 962 4973 hunc
982 4904 1136 4995 primum
1153 4927 1230 4994 gra·
1285 4912 1319 4967 et
1344 4898 1493 4968 urbibus
1515 4897 1622 4983 retia,
1656 4924 1858 4993 quanquam
1884 4902 2046 4993 inprimis
2069 4905 2271 4977 fortunatus

244 5008 331 5074 dum
345 5001 589 5099 collocanda⁴)
615 5016 666 5072 est
686 5004 838 5072 maxima
859 5028 940 5094 pars
962 5000 1118 5098 vutgi⁵),
1144 5029 1234 5098 quae
1286 4996 1521 5096 videretnr³)‚
1547 5015 1665 5070 tamen
1686 5003 1783 5071 domi
1799 5004 2000 5073 audientem
2015 5001 2175 5077 Platonis
2196 5031 2270 5078 ser-

1287 5125 1411 5171 mones
1434 5104 1619 5171 denatura
1642 5117 1674 5173 et
1700 5104 1813 5172 causis
1830 5106 2021 5174 multarum
2042 5130 2183 5191 rerum,
2209 5112 2270 5179 de-

1287 5204 1442 5292 plorasse
1456 5226 1554 5273 suam
1571 5203 1848 5283 infoelicitatem‚
1875 5208 1971 5297 quod
1988 5207 2096 5277 vitam
2112 5209 2150 5276 in
2164 5210 2272 5281 illite-

282 5326 308 5386 1)
326 5321 400 5375 Haec
423 5320 503 5373 verba
527 5319 555 5372 in
574 5317 637 5374 cod.
655 5317 736 5400 Mon:
761 5334 817 5369 non
836 5315 979 5398 leguntur,
1001 5324 1028 5396 5²
1043 5317 1235 5437 praetermissa
1287 5304 1372 5374 ralis
1395 5303 1687 5395 occupationibus
1703 5319 1835 5393 ageret,
1869 5303 2053 5378 piatonem
2070 5334 2152 5380 vero
2172 5337 2273 5403 prae.

315 5392 441 5445 videntnr
460 5399 617 5459 propterea,
636 5387 710 5458 quod
729 5384 774 5438 ιΙΙι
795 5383 952 5437 ἆεΙὼεηΙιο
971 5385 1008 5435 rbr
1027 5402 1042 5436 a
1061 5395 1160 5456 scripta
1185 5397 1235 5453 est,

316 5478 386 5533 quse
402 5459 430 5512 in
445 5456 507 5512 eod.
522 5454 605 5512 Goth.
623 5473 679 5509 non
697 5455 818 5509 babetur.
857 5453 972 5507 Videtur
990 5451 1065 5524 loqui
1083 5453 1115 5506 de
1134 5452 1235 5508 Relor-

318 5527 439 5581 motione
459 5523 678 5596 Witcbergensi.

281 5614 309 5683 2)
324 5610 404 5666 Diem
427 5608 490 5663 cod.
508 5606 592 5662 Goth.
613 5624 671 5660 non
688 5605 780 5661 babet.

282 5699 312 5767 8)
332 5698 404 5752 llaec
422 5702 527 5749 tantum
546 5690 576 5745 io
593 5690 657 5746 cod.
675 5690 788 5746 Monac.
806 5690 953 5746 adduntur.

283 5789 312 5854 4)
332 5781 403 5839 Cod.
422 5782 563 5834 collauda.

286 5877 317 5947 5)
339 5871 409 5927 Cod.
428 5869 532 5935 vulgus.

247 5196 451 5208 *ιιι-ιιι..-

1323 5606 1352 5675 *)
1372 5601 1495 5658 lesabcll

1326 5692 1353 5758 1)
1370 5689 1479 5744 Ducem
1497 5688 1561 5743 Pes.
1582 5707 1636 5742 non
1655 5689 1743 5745 habet.

1326 5778 1354 5845 2)
1372 5772 1500 5843 implere]
1519 5771 1584 5828 Pes.
1605 5773 1723 5827 mutae.

1331 5858 1358 5929 9)
1377 5860 1533 6002 urtteretqrfi]
1541 5855 1613 5963 pod-
1627 5853 1712 5912 (tou.
1727 5856 1787 5914 191.
1798 5847 1877 5916 'cm
