5325 6917
239 686 316 761 aas
826 669 1267 751 uersroeaauu
1318 672 1425 778 nro.
1448 674 1513 753 rx.
1566 631 1701 753 raas.
2195 681 2270 759 su

242 856 442 927 ceremonia
466 877 540 923 non
565 863 652 922 esset
669 852 775 919 inane
793 849 1046 940 spectaculum,
1070 860 1112 920 ut
1135 871 1232 917 nunc
1282 848 1346 939 qui
1376 849 1579 919 didicerunt
1610 849 1807 919 doctrinam
1838 848 1989 938 Christi,
2023 878 2087 945 per
2116 881 2268 952 quorum

240 957 501 1048 Episcoporum
518 956 609 1023 ritus
626 954 686 1020 sed
704 952 888 1042 profutura
904 965 993 1021 esset
1008 953 1053 1019 ad
1074 951 1233 1020 retinen·
1280 950 1501 1019 functionem
1524 951 1562 1018 in
1583 951 1743 1019 docendo
1768 965 1802 1021 et
1825 954 2129 1027 administratione
2144 960 2269 1029 Sacra-

241 1062 324 1130 dam
347 1058 529 1126 doctrinae
554 1056 743 1144 puritatem
774 1067 809 1122 et
839 1052 1127 1143 propagationem
1151 1075 1233 1119 sen·
1281 1067 1483 1121 mentorum
1495 1077 1574 1120 vere
1593 1066 1644 1122 est
1655 1055 1785 1136 ellicax,
1799 1066 1834 1122 et
1851 1055 2014 1123 facitnos
2030 1052 2196 1129 haeredes
2213 1063 2267 1128 vi-

242 1161 374 1231 tentiae
396 1156 662 1228 Ecclesiasticae
688 1158 731 1224 ad
758 1154 984 1223 concordiam
1009 1165 1044 1222 et
1071 1152 1232 1244 discipli·
1279 1164 1335 1221 tae
1352 1166 1531 1238 aeternae,
1554 1155 1687 1222 maiore
1704 1154 1886 1242 diligentia
1908 1170 2089 1237 curarent,
2112 1174 2153 1229 ut
2168 1164 2266 1230 ordi-

242 1286 338 1336 Μ,
1278 1254 1376 1324 natio
1399 1255 1528 1323 rectius
1551 1256 1875 1339 administraretur,
1900 1270 1934 1327 et
1955 1281 2029 1326 non
2052 1275 2189 1348 pareret
2208 1258 2264 1330 liic

627 1410 842 1488 oasa...
1276 1353 2099 1548 atlaa*¹¹2titt.altmzttttattt
2134 1385 2266 1552 'att

1471 1511 1481 1541 a
1507 1503 1516 1525 ¹
1761 1512 1771 1540 s
2085 1514 2093 1534 a
2248 1508 2266 1519 ·

341 1555 420 1630 Etsi
444 1572 564 1650 postea
585 1559 628 1626 de
652 1553 877 1626 ordinatione
899 1575 1022 1623 rursus
1038 1553 1230 1622 dicendum
1277 1556 1333 1624 lus
1351 1559 1454 1626 etiam
1470 1561 1512 1625 de
1528 1558 1718 1628 ministerii
1739 1554 2003 1648 †Evangelici''
2024 1564 2204 1651 dignitate,
2230 1579 2265 1633 et

242 1676 295 1733 εει
317 1663 355 1730 in
377 1686 415 1730 ea
433 1675 549 1752 parte,
575 1659 614 1726 in
636 1659 763 1750 quade
785 1652 1007 1749 servando¹⁵)
1030 1653 1228 1723 ministerio
1277 1658 1322 1726 dc
1342 1660 1566 1728 ordinatione
1589 1662 1771 1729 docendus
1802 1672 1869 1740 est,
1903 1674 1943 1731 ut
1964 1656 2032 1731 hoc
2056 1665 2179 1753 ingens
2201 1667 2264 1735 bc-

240 1762 428 1852 Evangelii
457 1762 609 1831 dicetur:
649 1774 767 1829 tamen
803 1751 862 1825 hie
898 1757 1129 1826 necessariam
1164 1754 1229 1824 ad·
1277 1758 1441 1828 nelicium
1466 1758 1534 1828 Dei
1558 1760 1756 1848 intelligere
1779 1761 1888 1830 discat
1912 1760 2026 1855 (quod
2047 1761 2144 1834 Deus
2167 1781 2261 1837 certo

241 1866 475 1937 monitionem
507 1860 662 1930 breviter
695 1858 919 1926 inserendam
951 1881 1024 1927 esse
1054 1857 1230 1925 duximus.
1276 1882 1340 1950 per
1361 1856 1425 1930 hos
1448 1873 1607 1945 vocatos,
1632 1874 1667 1929 et
1691 1858 1781 1931 hanc
1808 1863 2026 1933 functionem
2051 1866 2169 1935 efficax
2196 1868 2263 1962 est)

242 1967 375 2055 Magna
400 1987 454 2033 res
478 1977 529 2032 est
547 1976 581 2031 et
605 1960 797 2056 necessaria
812 1955 1008 2048 Ecclesiae,
1035 1982 1118 2027 cura
1135 1970 1228 2026 recte
1277 1975 1312 2031 et
1332 1961 1447 2053 ipsum
1474 1962 1710 2031 ministerium
1734 1959 1908 2051 †magis''
1935 1977 2046 2046 amet,
2073 1981 2108 2038 et
2129 1970 2263 2038 maiore

241 2065 453 2138 exercendae
470 2062 717 2132 ordinationis.
767 2057 845 2129 Etsi
861 2061 954 2127 enim
972 2058 1068 2129 Deus
1084 2058 1228 2149 propria
1276 2086 1359 2131 cura
1376 2086 1514 2131 servare
1529 2064 1684 2133 studeat:
1711 2064 1799 2133 sicut
1815 2065 1945 2153 singuli
1960 2089 2024 2134 suo
2040 2067 2118 2138 loco
2133 2070 2263 2140 debent

243 2193 306 2239 sua
321 2167 476 2256 potentia
493 2178 525 2235 et
539 2163 793 2254 gubernatione
808 2161 1043 2230 ministerium
1065 2159 1229 2247 Evangc-
1276 2186 1424 2247 ornare,
1449 2176 1483 2231 et
1499 2164 1588 2233 tueri
1604 2158 1671 2233 hoc
1686 2165 1923 2240 ministerium
1939 2180 2031 2235 recte
2047 2171 2263 2255 docentium,

241 2270 351 2338 licum
368 2280 501 2349 servat,
526 2278 558 2334 et
580 2264 704 2334 excitat
726 2264 800 2353 ipse
818 2276 973 2351 pastores
995 2275 1029 2331 ct
1042 2258 1227 2351 Doctores,
1274 2264 1366 2336 sicut
1396 2287 1498 2355 saepe
1528 2266 1699 2356 scriptum
1727 2279 1779 2335 est
1808 2263 1886 2345 †et
1911 2262 2074 2338 Christus
2103 2271 2260 2363 inquit'':

243 2383 279 2439 et
302 2369 386 2438 facit
409 2370 577 2450 idoneos,
601 2378 641 2435 ut
662 2359 793 2456 Eplres.
816 2362 851 2435 4.
878 2364 1047 2454 scriptum
1074 2375 1140 2430 est:
1174 2374 1228 2430 ta·
1275 2359 1355 2457 Qui
1369 2389 1429 2433 vos
1445 2363 1603 2461 spernit,
1628 2389 1684 2434 me
1699 2365 1848 2461 spernit.

242 2493 324 2538 men
341 2484 374 2538 et
389 2465 639 2550 totaEcclesia,
654 2480 688 2535 et
703 2465 853 2532 maxime
868 2464 1055 2554 praecipua
1069 2463 1227 2531 membra
1375 2463 1460 2535 Noti
1490 2479 1574 2535 seint
1602 2481 1721 2536 autem
1751 2468 1927 2539 manifesti
1950 2470 2099 2554 abusus,
2133 2474 2262 2563 quibus

240 2569 419 2641 Ecclesiae
435 2571 539 2638 etiam
562 2592 666 2637 suum
689 2563 844 2664 studium
863 2578 896 2633 et
913 2589 1056 2655 operam
1074 2566 1117 2632 ad
1136 2559 1228 2632 hanc
1274 2568 1452 2636 ordinatio
1469 2568 1591 2636 multis
1606 2568 1675 2652 iam
1691 2569 1816 2638 seculis
1828 2571 2011 2661 polluitur.
2062 2569 2166 2642 Valet
2182 2598 2264 2665 per-

242 2695 324 2741 rem·
341 2674 500 2739 conferre
528 2672 678 2749 debent,
708 2678 749 2733 ut
771 2677 1022 2753 praeparentur
1051 2664 1157 2732 multi
1181 2666 1227 2732 ad
1274 2669 1409 2753 suasio,
1434 2672 1630 2738 sacerdotes
1648 2670 1806 2738 ordinari
1822 2684 1965 2762 propter
1980 2668 2019 2765 ¹⁷)
2043 2673 2262 2758 sacrificium,

242 2796 373 2843 munus
395 2772 566 2852 docendi,
599 2782 633 2837 ct
655 2779 695 2835 ut
721 2764 877 2834 instituti
903 2790 942 2833 ac
968 2764 1070 2833 certis
1100 2763 1226 2832 locisa
1275 2792 1348 2835 non
1371 2770 1520 2837 docendi
1545 2766 1734 2858 Evangelii
1762 2795 1894 2841 caussa.
1943 2768 1992 2840 Et
2024 2765 2110 2840 haec
2139 2775 2261 2865 opinio

241 2875 352 2945 doctis
388 2865 889 2955 examinatoribus,explorati
920 2866 1152 2935 admittantur
1182 2865 1228 2931 ad
1275 2869 1372 2937 auxit
1393 2892 1581 2936 numerum
1604 2872 1898 2942 sacrificulorum:
1933 2871 2027 2960 Quia
2048 2887 2174 2964 putant
2197 2872 2262 2946 lro-

240 2975 497 3056 ministerium,
521 2985 581 3041 aut
597 2969 813 3038 reiiciantur.
1275 2969 1405 3051 mines,
1431 2968 1611 3037 cumulare
1628 2964 1712 3036 baec
1725 2973 1911 3055 sacrificia,
1936 2975 2164 3062 praecipuum
2188 2980 2265 3048 cul.

342 3073 725 3142 lliclabormandatus
740 3069 808 3137 luit
823 3066 908 3136 olim
924 3062 1120 3155 Episcopis.
1156 3062 1225 3133 Sed
1275 3083 1351 3138 tum
1372 3068 1442 3140 Dei
1465 3092 1548 3141 esse.
1605 3066 1726 3156 Quare
1750 3070 1794 3153 ii,
1827 3071 1890 3161 qui
1915 3071 2134 3140 ordinationi
2160 3100 2262 3164 prae-

242 3175 387 3268 plurimi
413 3174 476 3241 diu
501 3172 572 3240 iam
595 3167 950 3256 magnamsaevitiam
972 3179 1133 3234 exercent
1155 3167 1226 3235 imo
1275 3171 1439 3255 luerunt,
1478 3170 1698 3239 admiserunt
1733 3169 1896 3239 indoctos
1929 3170 2006 3238 sine
2047 3170 2261 3260 discrimine,

243 3290 337 3348 recte
361 3277 543 3358 docentes,
566 3285 601 3342 et
626 3294 698 3340 non
721 3270 838 3338 solum¹
858 3268 1033 3335 dioeceses
1055 3289 1132 3334 suas
1153 3290 1228 3335 non
1275 3296 1356 3341 cum
1382 3271 1450 3340 soli
1468 3271 1523 3338 illi
1545 3271 1694 3341 luissent
1709 3271 1936 3352 admittendi,
1962 3272 2024 3364 qui
2039 3275 2262 3346 mediocriter

243 3379 469 3462 curant‚-sed
487 3398 531 3443 ne
547 3396 689 3443 suarum
706 3370 849 3464 quidem
865 3367 1042 3435 ditionum
1060 3365 1235 3437 Ecclesiis.
1275 3373 1401 3443 docere
1414 3373 1586 3464 populum
1602 3374 1645 3441 do
1662 3395 1744 3441 vera
1761 3372 1921 3443 doctrina
1938 3387 2092 3464 possent.

242 3494 400 3572 pastores
431 3476 657 3570 praeficiunt,
682 3484 716 3540 et
741 3493 831 3560 pene
853 3463 1023 3537 Ethnicas
1050 3470 1227 3538 vastitates
1374 3473 1449 3544 Iam
1465 3474 1494 3541 si
1511 3474 1699 3542 concordia
1717 3474 1962 3542 constituenda
1978 3487 2039 3557 est,
2065 3471 2262 3567 etEpisco.

245 3581 412 3651 efficiunt.
472 3575 556 3646 Ideo
578 3596 714 3643 necesse
735 3584 786 3639 est
808 3569 1015 3652 deliberari,
1048 3571 1227 3662 quomodo
1274 3575 1330 3664 pis
1350 3575 1628 3645 commendanda
1652 3574 1888 3643 ordinationis
1908 3577 2096 3660 autoritas,
2122 3602 2261 3649 necesse

241 3685 427 3754 universae
444 3675 622 3747 Ecclesiae
638 3672 892 3742 consulendum
908 3670 963 3740 sil·
1275 3692 1326 3745 est
1342 3679 1441 3768 prius
1455 3675 1636 3745 doctrinae
1655 3698 1864 3744 consensum
1880 3699 1969 3759 esse,
1994 3689 2034 3745 ut
2048 3678 2181 3749 dictum
2200 3694 2262 3755 est.

342 3778 421 3851 Etsi
434 3777 620 3870 Episcopis
634 3775 804 3844 autoritas
817 3769 1052 3870 ordinationis
1067 3768 1228 3837 tribuen·
1274 3774 1414 3846 Deinde
1430 3794 1463 3848 et
1480 3779 1645 3844 mandata
1670 3776 1907 3844 ordinationis
1925 3779 2055 3845 dentur
2070 3780 2113 3845 de
2131 3779 2261 3849 docen-

244 3888 289 3955 da
311 3895 383 3967 est,
408 3903 547 3951 necesse
572 3890 684 3947 estut
703 3900 801 3944 suam
828 3886 982 3941 mentem
1006 3871 1049 3939 de
1068 3870 1228 3939 dOClrlssa
1276 3880 1322 3947 do
1337 3877 1550 3966 Evangelio,
1574 3890 1608 3945 et
1622 3875 1928 3944 administratione
1944 3874 2262 3963 sacramentorum,

245 3987 433 4056 declarent.
483 3979 573 4050 Nam
593 3979 623 4046 si
647 3990 752 4047 erunt
773 3988 808 4044 ct
829 3974 1025 4042 manebunt
1041 3967 1230 4059 Evangelii
1275 4004 1350 4048 non
1375 3982 1419 4047 de
1442 3979 1521 4047 aliis
1543 3976 1726 4067 operibus,
1750 3988 1791 4045 ut
1813 3976 2008 4046 sacrificent
2029 4002 2093 4067 pro
2118 3980 2207 4049 vivis
2228 3999 2261 4052 et

245 4084 382 4171 hostes,
407 4107 471 4152 nec
492 4078 614 4148 volent
633 4078 726 4148 ullos
747 4077 792 4143 ad
816 4074 1077 4153 ordinationem
1101 4072 1229 4141 admit·
1274 4080 1437 4151 mortuis.
1476 4076 1549 4147 Nec
1565 4078 1764 4146 onerandac
1780 4092 1883 4147 erunt
1898 4078 2132 4150 conscientiae
2153 4081 2261 4172 impia

212 4251 216 4256 .
244 4204 335 4272 tere,
360 4186 436 4255 sine
452 4180 666 4268 obligatione
681 4180 725 4246 ad
741 4176 885 4266 impiam
901 4175 1110 4256 doctrinam,
1134 4173 1228 4243 etad
1275 4183 1351 4269 lege
1374 4180 1583 4263 coelibatus,
1609 4203 1698 4271 quac
1718 4179 1885 4248 omnibus
1903 4181 2121 4268 temporibus
2144 4205 2262 4252 caussa
2311 4175 2318 4194 '

245 4289 431 4360 delendam
450 4283 649 4360 veritatem,
674 4291 753 4347 non*
772 4276 902 4369 poterit
917 4278 962 4344 ab
978 4275 1027 4345 eis
1050 4273 1227 4343 ordinatio
1275 4283 1344 4350 suit
1358 4282 1553 4350 multorum
1575 4279 1853 4349 tristissimorum
1870 4279 2058 4362 scelerum,
2088 4293 2122 4348 et
2138 4304 2263 4372 perpe.

243 4390 330 4483 peti.
382 4385 452 4458 Sed
472 4384 638 4452 siveram
657 4377 873 4461 doctrinam,
896 4376 1059 4465 amplecti
1082 4387 1115 4444 et
1138 4374 1230 4444 tueri
1276 4376 1806 4451 tuiexitiimultishorninibus.
1844 4377 1892 4447 Et
1908 4380 1946 4446 in
1963 4380 2129 4448 universo
2148 4403 2262 4451 sacer-

222 4492 396 4572 mellent,
426 4498 460 4555 et
481 4483 617 4554 idoneis
642 4477 846 4550 hominibus
875 4499 1019 4545 examen
1049 4500 1230 4544 commen·
1277 4485 1401 4558 dotum
1415 4484 1541 4550 ordine
1556 4482 1612 4549 lex
1631 4481 1692 4548 illa
1715 4473 2056 4571 peperitEthnicam
2078 4481 2267 4551 obscoeni-s

246 4597 350 4676 darc,
372 4587 548 4681 praeclare
563 4586 607 4653 de
621 4580 776 4652 Ecclesia
792 4578 920 4647 mereri
937 4590 1091 4668 possent·
1141 4573 1230 4644 Plu·
1277 4597 1383 4655 tatem
1399 4597 1433 4654 et
1449 4584 1709 4674 profanitatem.
1760 4579 1924 4667 Quorum
1941 4594 2263 4671 peccatorumcou-

245 4697 376 4766 rimum
394 4690 489 4760 enim
507 4687 613 4755 refert
626 4681 888 4752 ordinationem
903 4692 995 4748 recte
1009 4677 1210 4746 instaurari.
1277 4687 1371 4777 ragio
1387 4708 1422 4754 se
1440 4686 1607 4776 polluunt
1620 4704 1760 4765 omnes,
1787 4681 1854 4773 qui,
1864 4676 1955 4751 hanc
1970 4682 2084 4770 legem
2099 4685 2143 4753 de
2157 4687 2264 4755 coeli.

347 4787 445 4885 Et¹⁶)
464 4789 494 4856 si
516 4788 767 4876 gubernatores
781 4806 863 4850 vere
886 4780 1147 4848 considerarent
1173 4777 1230 4845 in·
1277 4791 1363 4859 baeu
1379 4788 1575 4856 defendunt
1592 4798 1626 4854 er
1642 4783 1836 4856 stabiliunt,

247 4896 362 4987 gentia
375 4886 630 4968 beneficiaDei,
647 4908 735 4977 quae
751 4907 813 4972 per
827 4876 1231 4968 ministeriumEvauge-
1615 4946 1622 4963 ‚
1704 4944 1712 4961 ‚
2030 4943 2038 4959 .
2185 4945 2188 4950 ,

248 5000 357 5068 licum
378 4997 522 5062 dantur:
556 4989 651 5080 quod
677 4984 841 5054 uidelicet
861 4980 958 5050 Deus
988 4976 1055 5050 hac
1084 5005 1169 5051 voce
1198 4992 1232 5049 et
1431 4945 1492 5018 Β(
1505 4942 1735 5018 P⁰m¹¹⁶nl¹⁰
1751 4953 1782 5013 ‘l
1804 4938 1847 5013 ‘1⁶
1861 4931 2112 5042 C⁰ns⁶55¹07⁴⁶⁰

248 5122 324 5168 non
340 5096 442 5165 aliter
454 5092 523 5162 sibi
539 5088 673 5176 colligit
688 5099 865 5155 aeternam
880 5077 1090 5165 Ecclesiam,
1115 5095 1149 5150 et
1165 5105 1232 5149 no·
1380 5082 1707 5155 Manifestissimum
1743 5089 1812 5162 est,
1840 5077 2039 5147 doctrinam
2071 5078 2266 5153 monacho.

248 5201 304 5270 bis
327 5193 465 5267 miseris
486 5188 691 5262 homiuibus
710 5182 893 5256 mandavit
912 5205 1036 5250 vocare
1060 5177 1233 5262 homines,
1280 5211 1361 5257 rum
1383 5187 1427 5255 de
1450 5184 1668 5276 poenitentia
1691 5183 1777 5250 adeo
1800 5177 1907 5248 fuisse
1931 5179 2117 5247 obscuram
2140 5197 2174 5252 et
2190 5186 2268 5274 ple.

1282 5314 1364 5356 nam
1382 5284 1637 5376 perplexitatis,
1658 5275 1940 5374 labyrinthorum
1969 5292 2002 5347 et
2028 5304 2199 5367 errorum,
2226 5302 2266 5356 ut

253 5403 451 5422 ......-
1282 5414 1356 5458 nou
1373 5389 1488 5455 solum
1506 5409 1525 5452 a
1540 5385 1693 5476 populo,
1718 5383 1778 5450 sed
1795 5403 1838 5447 ne
1854 5381 1900 5449 ab
1917 5380 2001 5471 ipsis
2018 5382 2161 5473 quidem
2180 5388 2266 5453 scri-

318 5523 545 5592 imponerentur,
568 5525 594 5567 ct
616 5515 723 5586 publica
751 5508 907 5581 precatione
928 5511 1064 5577 peteretur
1090 5502 1188 5556 mentis
1208 5509 1235 5554 et
1282 5488 1444 5584 ploriltus
1464 5487 1598 5577 integre
1618 5481 1849 5577 perceptaslt.
1900 5479 2266 5573 Proposueruulcon-

319 5590 410 5644 cordis
429 5584 600 5640 confirmatio
622 5593 649 5636 et
666 5581 824 5650 gubernatio
845 5579 873 5630 in
894 5575 934 5629 bis
955 5571 1175 5629 confitentibus.”
1200 5597 1235 5611 -

317 5653 532 5724 (Codsruelplr.
545 5651 664 5719 seqrritur
677 5648 877 5719 autographon.
893 5655 924 5698 ut
937 5642 1018 5698 ctiam
1032 5642 1061 5696 iu
1073 5638 1131 5695 aliis
1144 5639 1234 5706 tocie.)
1283 5687 1489 5702 .........-

285 5743 330 5803 15)
348 5737 503 5799 seruando]
517 5734 581 5788 Pez-
587 5733 721 5803 fovendo.

286 5823 334 5892 16)
353 5821 402 5886 Et]
415 5816 479 5872 Per.
494 5817 545 5871 Ac.
1318 5802 1365 5869 17)
1381 5802 1511 5870 propter]
1527 5795 1839 5863 ropropmmasae.

1479 5866 1560 5943 89*
