5325 6917
304 769 376 838 803
889 735 1318 820 EPISTULARUM

409 933 512 1004 Nunc
531 931 631 998 mitto
649 929 692 994 ad
713 947 774 992 ros
790 919 1011 990 tabellarium
1032 909 1299 1007 propterllagi-

309 1053 419 1108 strum
437 1025 787 1104 Bartholinnueum,
816 1049 833 1090 a
852 1037 883 1090 te
901 1043 1040 1114 quoqne
1061 1017 1194 1108 aliquid
1223 1015 1301 1080 lite·
1323 1027 1327 1068 ῑ

312 1165 428 1208 rarum
446 1137 576 1224 tlagito.
628 1129 715 1198 Nam
734 1155 752 1194 a
773 1123 915 1192 Sabino
933 1125 1089 1190 norrduru
1108 1119 1302 1212 quidquam

313 1243 507 1310 attuleruut
539 1247 764 1310 mercatores,
801 1257 820 1295 a
854 1229 924 1294 lilia
951 1229 1091 1294 brerem
1118 1217 1303 1310 epistolam

315 1344 428 1430 accepi
448 1335 671 1406 rrrruliocriter
690 1333 866 1420 scriptam.

417 1441 502 1510 'l'ibi
537 1434 687 1528 ,trigeni
724 1459 863 1500 carrneu
901 1431 1014 1498 mitto.
1079 1423 1304 1494 Contentum

326 1537 637 1614 lliirnmti'ensenr
675 1536 819 1604 dissolri
853 1533 1025 1618 :cirilio*),
1059 1544 1091 1597 et
1126 1515 1333 1600 Ceruium:

318 1645 567 1736 Imperatorem
585 1653 699 1731 petere
716 1635 886 1714 tlrerrnas,
917 1627 1083 1700 uorruilril
1100 1649 1308 1696 succensen-

319 1763 386 1818 tem
416 1746 560 1826 uostris,
594 1743 687 1833 qrrrid
712 1740 826 1808 troliut
848 1737 1071 1827 promittere,
1105 1756 1139 1800 se
1162 1727 1336 1820 syuodo:

322 1851 551 1940 permissuros
577 1867 648 1910 esse
672 1841 907 1928 coguitionem
936 1851 1134 1904 nostrarum
1167 1842 1309 1898 coutro-

321 1953 522 2020 versiarum.
575 1945 670 2014 liene
688 1945 773 2014 cale.

1064 2032 1260 2126 Philippus.
1335 2085 1340 2106 ,

324 2353 388 2424 Nu.
408 2353 518 2422 3234.

330 2447 499 2477 Μ

867 2351 914 2428 (tr.
928 2373 952 2408 a.
968 2361 995 2408 et
1010 2369 1107 2418 meus,
1125 2359 1156 2404 ut
1173 2341 1315 2418 ridetur.)

903 2440 1064 2477 -J
1081 2440 1255 2467 «ν

677 2547 735 2627 ut.
769 2543 969 2650 Helingo.

429 2687 511 2756 lipist.
529 2685 575 2737 lib.
596 2681 627 2736 ι’,
647 2702 672 2753 p.
692 2681 742 2735 SSl
756 2701 794 2750 sq.

585 2834 829 2906 ,lluuritio
856 2834 1070 2928 Helioga.

329 2963 369 3050 S.
397 2977 440 3048 D.
493 2975 604 3042 lilius
626 2972 713 3054 Dei,
747 2971 925 3038 Dominus
957 2985 1074 3038 noster
1100 2967 1193 3036 lesus
1215 2963 1322 3038 Chri-

329 3095 420 3160 stus,
447 3077 508 3166 qui
525 3075 630 3142 dixit:
659 3075 771 3142 Sinite
791 3074 957 3164 parrulos
972 3075 1013 3140 ad
1032 3098 1087 3140 rne
1105 3071 1242 3154 venire,
1261 3094 1323 3138 cu-

330 3181 458 3251 stodiat
482 3191 515 3246 et
539 3177 712 3265 gubernet
733 3200 857 3264 agineu
875 3191 993 3254 tuum,
1029 3188 1061 3243 et
1083 3189 1161 3242 tuos
1185 3175 1323 3241 labores

332 3296 438 3372 regat.
490 3278 544 3346 De
582 3267 800 3371 'ruer'gero‘)
819 3278 881 3347 tibi
899 3278 1043 3364 gratiam
1066 3271 1196 3357 liabeo,
1223 3275 1323 3342 cuius

336 3383 515 3474 ingenium
541 3381 611 3448 scio
635 3382 778 3449 cuilibet
803 3377 968 3448 lionestae
994 3405 1032 3446 ac
1052 3402 1195 3466 irrrrguae
1213 3372 1323 3444 Sclro-

336 3488 389 3555 lae
414 3495 622 3555 orrurnreuto
646 3505 717 3548 esse
744 3505 861 3570 posse,
902 3496 936 3549 et
963 3481 1144 3570 profutura
1168 3479 1323 3566 erernpla

338 3590 534 3656 carminum
553 3585 661 3674 ipsius
678 3583 930 3650 adolescentiae
948 3607 1060 3672 spero.
1109 3581 1211 3650 Nunc
1228 3583 1270 3648 ad
1292 3595 1325 3649 tc

339 3689 589 3780 proticiscitur,
613 3699 653 3754 ut
679 3687 721 3754 ile
743 3685 852 3752 initiis
877 3685 1039 3751 laborum
1062 3707 1206 3753 suorum
1230 3698 1325 3752 tuam

338 3789 547 3860 seutentiam
563 3789 693 3860 ιιιιιιῐιιι.
732 3785 891 3872 Quaeso,
912 3799 951 3853 ut
966 3811 1046 3852 euin
1061 3800 1219 3853 anuuiter
1231 3811 1328 3853 eom-

339 3895 500 3982 plectare.
556 3889 651 3956 ldem
674 3915 693 3957 a
720 3884 905 3954 Man-alio
930 3902 1020 3978 peto.
1085 3885 1123 3953 lu
1146 3881 1200 3953 ltis
1224 3887 1328 3955 tantis

339 3992 516 4060 aerumnis
551 3991 701 4075 publicis
730 3993 841 4057 bonae
870 4003 1002 4057 urcutes
1029 3989 1238 4056 levationem
1266 3984 1329 4055 lta-

341 4095 424 4158 lieut
447 4089 629 4170 dolorum,
656 4091 718 4156 ulii
744 4091 881 4170 rident,
914 4103 946 4156 et
969 4085 1134 4159 Sclrolam
1160 4092 1248 4157 bene
1274 4090 1327 4155 iu-

340 4195 515 4272 stitutam,
537 4205 569 4258 et
587 4191 1013 4257 consensumdocentium
1035 4191 1069 4256 iu
1086 4185 1215 4258 Sclrola
1235 4206 1267 4259 et
1294 4191 1328 4256 iu

344 4293 508 4364 Ecclesia.
564 4290 629 4360 llic
645 4307 763 4360 coetus
779 4306 814 4360 et
829 4287 912 4360 lracc
932 4293 1047 4360 studia
1074 4291 1149 4358 sine
1172 4295 1244 4360 ulla
1263 4297 1330 4361 du·

341 4397 510 4463 bitatione
531 4392 606 4460 Deo
623 4419 725 4462 curae
745 4409 805 4466 cst.
858 4395 977 4481 Qumc
998 4409 1030 4462 et
1047 4389 1198 4484 lrospitia
1213 4419 1330 4464 serra-

344 4509 459 4562 turum
491 4519 562 4560 esse
590 4495 673 4584 ipsis
697 4519 896 4587 speramus,
923 4510 972 4578 et,
1005 4508 1044 4564 ut
1067 4511 1197 4578 ser-ret,
1227 4511 1329 4564 urant

345 4593 506 4680 plurimi,
532 4597 670 4682 ‹proties
699 4623 759 4666 ros
783 4612 816 4666 et
841 4597 979 4686 agmina
999 4610 1113 4666 restra
1135 4599 1329 4670 intuentur.

345 4689 438 4760 liene
457 4707 489 4758 rt
508 4693 654 4759 feliciter
674 4700 768 4784 cale,
792 4713 825 4769 et
849 4701 1009 4771 rescribe.
1064 4692 1251 4769 allencelio
1276 4723 1330 4768 sa-

345 4795 451 4862 lutern
471 4805 572 4880 ripato,
594 4807 626 4860 et
645 4797 742 4862 rubis
757 4803 934 4870 tirnttiliuS.

848 4899 1035 4994 l’lrilippus
1059 4899 1279 4974 Melantlrou.

345 5101 406 5110 -—

1154 5239 1210 5318 (ιιι.
1227 5239 1334 5316 ῙιιΙίο.)

1158 5331 1326 5358 '‘a“

714 5406 952 5518 Praefatio,

409 5551 583 5672 P¹J''s³¹l⁰.ln
599 5552 714 5634 librum:
735 5595 750 5618 „
762 5557 902 5640 flagrastini
919 5559 1101 5630 llipponensis
1115 5561 1239 5632 Episcopi
1259 5563 1329 5617 liber

459 5641 473 5672 e
486 5635 580 5690 spiritu
594 5632 618 5673 et
633 5625 717 5676 litera.
755 5627 823 5680 bum
838 5627 1002 5698 praelatione
1017 5643 1042 5684 et
1056 5631 1273 5701 praemonitione
1286 5632 1327 5686 le·

370 5815 404 5964 ἦ)
417 5813 533 5952 [ipimus
550 5829 587 5870 est
599 5819 624 5874 cl.
638 5819 663 5872 2.
679 5821 793 5892 Augusti
809 5825 885 5880 1545.

440 5920 446 5953 t
462 5919 496 5953 ιο.

1372 729 1477 804 Llli.
1512 728 1575 800 tx.
1630 719 1760 794 1⁵45.
2301 697 2372 770 804

1455 897 1538 949 cteris
1554 889 1765 954 bb'iteurbergae
1785 901 1856 936 anno
1877 879 1918 934 M.
1930 879 1966 932 D.
1981 873 2077 930 XLV.
2107 870 2167 939 (ln
2181 867 2275 934 liner)
2294 863 2371 918 Wit-

1455 967 1608 1016 tenrbereae
1634 955 1767 1026 impressit
1792 951 1918 1020 tosepbus
1943 948 2027 1018 lilug.
2061 959 2145 998 antro
2175 935 2223 990 M.
2238 935 2277 988 D.
2294 932 2369 986 xtt'.

1458 1033 1504 1100 ι9ξ
1520 1041 1607 1100 pta-43.
1627 1033 1652 1080 ἓ.
1663 1027 1773 1084 retiner.)
1797 1051 1826 1060 -
1870 1019 2002 1078 ¹,liabetur
2020 1014 2071 1066 tric
2087 1011 2166 1062 liber
2181 1007 2213 1058 in
2229 1004 2299 1058 bibl.
2314 1001 2372 1072 lleg.

1456 1103 1609 1160 Goettine.t
1629 1128 1665 1136 -
1702 1095 1807 1145 Nomen
1824 1085 2008 1141 Melantbonis
2052 1075 2216 1134 raelatioui
2237 1091 2296 1124 non
2316 1075 2371 1140 qni·

1456 1173 1516 1222 deur
1538 1171 1658 1218 adcitum
1680 1176 1735 1216 est.
1755 1161 1801 1211 secl
1821 1167 1929 1208 testatus
1949 1165 1990 1206 est
2007 1103 2143 1220 tii-tius,
2166 1147 2198 1196 in
2218 1140 2371 1196 Chronoln-

1458 1241 1499 1306 gia
1522 1239 1615 1288 libror.
1636 1231 1765 1285 llrlantlr.
1785 1229 1818 1280 ad
1833 1227 1859 1278 b.
1880 1243 1959 1299 pun,
1980 1217 2212 1272 Melanthonenr
2234 1231 2295 1264 earn
2308 1209 2370 1264 scri-

1463 1309 1557 1378 pisse,
1576 1319 1602 1355 er
1622 1303 1697 1354 t'aeile
1718 1301 1776 1366 qu's
1787 1317 1831 1366 {ue
1850 1295 1877 1346 in
1899 1311 1931 1342 ea
1944 1287 2191 1345 stetanuronem,
2217 1281 2302 1334 etiarn
2321 1279 2369 1330 sine

1461 1381 1548 1428 inem·
1564 1372 1695 1426 nominis,
1714 1375 1900 1432 recognoscet.
1915 1389 1949 1396 -
1977 1359 2138 1410 Caeterum
2155 1371 2191 1402 ex
2211 1347 2368 1420 praelatione

1460 1449 1515 1514 ipsa
1535 1443 1695 1506 intelligitur
1716 1439 1836 1488 lit-enum
1857 1429 2002 1498 Augustini
2021 1427 2140 1478 edituus
2165 1439 2229 1472 esse
2252 1419 2281 1470 in
2301 1435 2367 1468 urani

1462 1513 1672 1586 praelectionum
1685 1528 1699 1559 a
1714 1505 1751 1556 lo.
1767 1500 1939 1572 llugenbagin
1954 1495 2181 1554 habendarum,
2209 1507 2295 1560 quare
2312 1485 2366 1537 niltil

1461 1585 1582 1638 enrrtinet
1595 1587 1701 1650 praeter
1716 1585 1812 1624 tertam
1827 1569 1981 1638 Augustini.

1609 1729 1805 1827 Praesidio
1831 1723 1884 1794 ud
1908 1717 2119 1791 Lectorem.

1332 1821 1336 1844 .

1363 1871 1463 1964 Cum
1480 1888 1596 1958 onmis
1610 1889 1653 1952 de
1669 1879 1829 1949 doctriua
1853 1872 1990 1941 coelesti
2009 1863 2229 1958 disputatio
2243 1861 2368 1948 ingrata

1334 1964 1339 2078 l
1365 1999 1411 2066 sit
1428 1991 1632 2063 bominibus
1649 1977 1859 2076 prrmlrauis,
1873 1999 1953 2064 sepe
1969 1995 2033 2038 ros
2055 1965 2227 2060 praefari
2244 1984 2368 2032 necesse

1336 2119 1341 2198 ι
1366 2114 1438 2180 est,
1463 2119 1527 2164 uos
1544 2086 1745 2160 concionari
1767 2076 1942 2150 Ecclesiae
1963 2074 2023 2140 dei
2049 2097 2095 2138 ac
2119 2067 2317 2160 praecipue
2335 2063 2366 2130 in

1337 2199 1422 2287 {tris
1444 2193 1659 2266 scholasticis
1691 2179 1994 2255 lucubrationibus
2024 2173 2179 2264 alloqui
2215 2173 2368 2238 iurentu-

1338 2295 1342 2314 '
1368 2317 1438 2370 tem
1462 2325 1534 2365 nou
1560 2295 1724 2382 impiam,
1751 2289 1811 2353 sed
1830 2281 2106 2370 amplectentem
2133 2271 2369 2360 Evangelium

1338 2407 1342 2484 ξ
1368 2401 1539 2472 cliriuitus
1561 2395 1751 2478 traditum,
1777 2402 1809 2457 et
1833 2383 1924 2450 reris
1946 2378 2061 2448 animi
2088 2375 2255 2445 motibus
2273 2375 2371 2454 inro-

1368 2519 1504 2576 cantem
1523 2502 1639 2568 elenen.
1698 2491 1768 2560 Nec
1790 2489 1971 2556 rtet'uturos
1997 2480 2111 2548 nobis
2134 2501 2216 2546 esse
2237 2475 2370 2544 audito-

1371 2631 1442 2685 res,
1477 2627 1541 2670 nec
1576 2600 1714 2666 labores
1743 2605 1880 2660 nostros
1911 2585 2030 2652 irritos
2064 2585 2149 2650 sore
2179 2577 2372 2658 metuimus,

1370 2733 1450 2778 cum
1473 2709 1559 2773 deus
1583 2697 1800 2791 promiserit,
1824 2715 1859 2759 se
1882 2709 2020 2776 semper
2044 2697 2201 2752 coetum
2223 2679 2372 2772 aliquem

1372 2813 1512 2902 piorum
1542 2817 1762 2872 seruaturum
1789 2817 1877 2868 esse,
1927 2788 1989 2880 qui
2020 2785 2170 2854 celestis
2195 2781 2373 2852 doctrinae

1372 2913 1533 2982 custodes
1551 2921 1664 2975 erunt.
1716 2901 1834 2986 Quare
1858 2895 2015 2960 sinamus
2030 2885 2243 2978 Epicureos
2263 2909 2283 2952 a
2301 2881 2375 2976 qui-

1374 3017 1438 3082 bus
1455 3007 1703 3102 superbissime
1720 2996 1999 3074 contemnimur,
2013 2989 2141 3058 ridere
2156 2987 2374 3066 sardonium,

1375 3141 1438 3184 uec
1452 3113 1653 3181 desinamus
1671 3101 1754 3172 lraec
1770 3101 1884 3170 studia
1900 3096 2040 3176 colere,
2070 3105 2108 3161 et
2124 3115 2187 3160 res
2203 3087 2374 3158 Ecclesiae

1374 3215 1583 3286 necessarias
1625 3211 1811 3276 illustrare.
1878 3197 1983 3266 llunc
2016 3207 2145 3263 auteur
2186 3189 2375 3280 Augustini

1374 3313 1665 3389 commentarium
1682 3312 1760 3376 idco
1779 3299 2036 3374 intercedimus,
2059 3297 2150 3387 quia
2167 3295 2280 3364 multo
2295 3304 2374 3360 ante

1376 3421 1604 3490 coustitutum
1620 3427 1671 3482 est
1691 3413 1728 3478 iu
1744 3399 2026 3480 lracAcademia,
2055 3412 2097 3466 ut
2116 3397 2298 3465 interdum
2316 3389 2373 3462 liic

1376 3526 1468 3592 liber
1487 3529 1705 3612 proponatur
1727 3537 1766 3579 ac
1790 3517 1991 3583 enarretur,
2016 3511 2058 3567 ut
2077 3499 2234 3571 studiosi
2255 3495 2374 3566 coufe-

1377 3639 1457 3694 raut
1479 3636 1607 3690 aetates
1630 3631 1663 3684 et
1687 3615 1890 3704 scriptores,
1917 3619 1950 3672 et
1967 3603 2132 3694 quaesita
2160 3625 2233 3670 rina
2248 3621 2372 3689 perpe-

1377 3743 1437 3798 tua
1459 3740 1493 3794 et
1515 3717 1686 3792 catholica
1708 3713 1883 3782 Ecclesiae
1907 3706 1964 3774 dei
1988 3703 2194 3786 sententia,
2236 3703 2372 3768 rideant

1379 3833 1416 3898 iu
1429 3825 1493 3896 lrac
1512 3837 1629 3894 nostra
1642 3817 1796 3886 Ecclesia
1812 3837 1893 3881 rere
1907 3829 2052 3887 souare,
2076 3805 2232 3874 retineri
2247 3819 2279 3873 et
2296 3827 2372 3892 pro-

1379 3932 1497 4024 pagari
1521 3927 1619 3994 illam
1646 3922 1785 3988 unicam
1807 3937 1930 4006 puram
1954 3919 2165 3998 perpetuam
2188 3929 2292 3976 cerae
2309 3899 2372 3972 Ec-

1379 4033 1503 4102 clesiae
1527 4029 1585 4097 dei
1607 4022 1835 4100 senteutiam,
1856 4039 1919 4082 uec
1933 4010 2115 4098 sculptum
2138 4002 2201 4074 liic
2222 4031 2297 4076 esse
2312 4029 2371 4071 no-

1381 4159 1463 4202 rum
1485 4130 1666 4200 doctrinae
1688 4145 1816 4216 genus,
1856 4117 1915 4185 scd
1941 4115 2007 4181 den
2031 4123 2260 4178 monstrante
2284 4119 2370 4174 rete·

1380 4261 1453 4305 rein
1477 4236 1592 4302 lucem
1616 4253 1689 4297 esse
1711 4223 1907 4300 redditam,
1937 4213 2040 4304 pulsa
2061 4211 2233 4300 caligine.
2284 4207 2369 4278 Cum

1379 4353 1495 4408 autern
1520 4357 1601 4400 cera
1618 4327 1774 4399 Ecclesia
1798 4321 1963 4392 omnilius
1984 4313 2167 4382 aetatibus
2184 4313 2295 4382 multa
2313 4305 2368 4376 lin·

1379 4442 1485 4510 stium
1508 4459 1634 4526 genera
1657 4427 1802 4510 lrabeat,
1827 4439 1861 4492 et
1886 4425 1930 4490 ‹le
1947 4415 2069 4485 multis
2091 4415 2283 4484 doctrinae
2297 4433 2367 4502 par-

1351 4531 1355 4539 ·
1381 4545 1477 4612 tibus
1498 4541 1591 4608 bella
1611 4549 1753 4604 externa
1771 4542 1805 4596 et
1831 4521 2019 4593 domestica
2045 4529 2161 4604 gerat,
2190 4517 2364 4586 sciendum

1381 4658 1449 4729 est,
1479 4667 1551 4710 nrm
1575 4641 1650 4707 lere
1672 4647 1849 4704 certamen
1871 4649 1943 4694 esse
1966 4612 2057 4707 dee)
2083 4617 2244 4686 iusticia.
2307 4611 2366 4683 llic

1381 4748 1475 4815 enim
1493 4742 1647 4812 lrumana
1669 4752 1701 4805 et
1716 4724 1961 4828 philosophica
1979 4719 2110 4790 iudicia
2127 4721 2303 4789 omnibus
2319 4739 2369 4784 ae-

1382 4849 1513 4918 tatibus
1528 4841 1760 4912 admiratione
1775 4831 1998 4922 discipliuae,
2020 4846 2114 4914 quae
2134 4835 2187 4890 est
2202 4846 2292 4891 sane
2304 4840 2369 4887 rua-

1382 4973 1490 5036 guunr
1506 4948 1630 5024 decus,
1654 4951 1859 5010 execrantur
1879 4929 2028 5002 fulmina
2041 4924 2104 4992 illa
2121 4924 2270 5008 (lirina,
2292 4943 2371 5015 quae

1179 5109 1197 5117 ·-
1316 5109 1331 5116 -
1384 5047 1570 5120 lrorniuuur
1592 5047 1740 5114 uirtutes
1764 5038 1915 5109 abiicere
1938 5046 1971 5100 et
1990 5029 2085 5116 leges
2105 5049 2148 5096 ac
2164 5049 2300 5096 nervos
2313 5019 2371 5091 lto-

1383 5167 1563 5222 uestorum
1587 5145 1785 5216 officiorum
1807 5140 1898 5208 ritae
1918 5132 2058 5202 abolere
2085 5129 2273 5198 ridentur.
2329 5121 2371 5196 Ut

1384 5256 1476 5324 lilius
1498 5251 1643 5340 [rogatis
1670 5249 1707 5315 in
1731 5242 1949 5313 enarratione
1971 5231 2194 5320 Evangelica
2217 5229 2372 5300 irascitur

1384 5359 1475 5448 patri
1499 5351 1680 5444 recipienti
1704 5349 1908 5418 redeuntem
1931 5339 2096 5416 lratrem,
2125 5335 2192 5426 qui
2208 5333 2372 5425 patrimo-

1382 5461 1482 5529 nium
1508 5482 1611 5526 sumn
1636 5452 1785 5544 turpiter
1805 5444 2025 5538 profuderat:
2060 5437 2111 5506 ita
2128 5450 2165 5506 et
2180 5451 2272 5507 tuuc
2288 5429 2373 5504 Pha-

1380 5563 1483 5630 risaei
1506 5557 1757 5628 succensebant
1767 5547 1930 5630 Christo,
1954 5556 1990 5613 et
2011 5539 2185 5610 omuibus
2206 5539 2373 5612 aetatibus

1384 5775 1590 5788 ..--———-—-

1413 5907 1442 5972 Ιι)
1459 5911 1494 5960 de
1508 5905 1616 5976 addidi,
1633 5903 1706 5975 qrrod
1719 5903 1776 5956 sine
1791 5897 1873 5954 dubio
1884 5892 1990 5951 excidit.
