5325 6917
325 788 401 857 793
902 776 1338 855 EPISTOLARUM
1388 780 1492 852 [ΑΒ.
1528 780 1591 857 tx.
1645 778 1771 856 1⁵45.
2278 781 2352 852 794

323 981 412 1050 qnos
437 957 558 1044 elegit,
591 949 655 1022 hos
683 967 716 1021 et
737 952 885 1024 vocavit.
944 949 1052 1020 Nulla
1076 952 1240 1039 fingenda
1261 964 1313 1020 est
1363 950 1423 1019 tici
1441 952 1721 1041 impenderetur3
1748 976 1817 1045 qua
1833 952 1870 1020 in
1886 975 1923 1019 re
1938 951 2009 1021 scio
2024 952 2129 1021 fidem
2145 968 2179 1023 et
2193 952 2349 1021 officium

322 1058 465 1127 ecclesia
489 1058 563 1139 dei,
588 1055 659 1150 nisi
682 1054 720 1121 in
737 1067 838 1122 coetu
854 1064 1079 1135 vocatorum,
1102 1052 1139 1119 id
1154 1066 1222 1137 est,
1247 1051 1311 1122 ubi
1361 1049 1443 1120 Dm.
1466 1046 1636 1121 Mnrh'ni
1657 1054 1721 1123 tibi
1747 1078 1821 1121 non
1846 1054 2047 1123 defuturam
2068 1076 2151 1122 esse.
2201 1052 2347 1143 Suscipe

322 1173 425 1228 sonat
441 1184 506 1226 vox
522 1153 709 1243 Evangelii
725 1167 759 1224 et
773 1154 837 1223 ubi
852 1154 1057 1221 inseruntur
1077 1146 1238 1223 homines
1254 1153 1312 1222 ec'-
1361 1152 1469 1240 igitur
1494 1149 1584 1222 hanc
1606 1178 1738 1226 curam.
1788 1152 1880 1223 Nam
1895 1178 1973 1223 cum
1993 1167 2153 1243 potentes
2169 1154 2349 1244 negligant

324 1261 448 1328 clesiae
469 1283 532 1348 per
552 1267 767 1325 sacramenta
786 1268 822 1324 et
838 1254 1026 1323 invocatur
1038 1277 1144 1345 super
1158 1279 1218 1323 eos
1244 1278 1310 1322 no·
1361 1267 1497 1323 coetum
1520 1251 1767 1326 scholasticum
1783 1278 1966 1345 magnaex
1987 1268 2107 1346 parte,
2132 1255 2237 1325 nobis
2263 1255 2347 1343 ipsis
2433 1239 2437 1248 ¹

322 1385 404 1428 men
420 1360 494 1426 veri
514 1360 590 1441 dei,
614 1355 749 1424 aeterni
763 1355 871 1447 patris
886 1368 920 1425 et
937 1354 1002 1423 filii
1018 1354 1092 1422 eins
1109 1351 1186 1425 lesu
1204 1350 1312 1427 Chri·
1360 1377 1464 1423 curae
1489 1347 1565 1439 sit,'
1581 1354 1657 1425 Deo
1681 1357 1842 1441 iuvante,
1874 1370 2034 1426 nostrum
2056 1378 2195 1445 gregem
2217 1357 2347 1428 fovere.

322 1462 365 1529 sti
382 1460 538 1529 crucifixi
554 1474 587 1529 et
601 1457 797 1528 resuscitati
810 1470 844 1526 et
860 1454 1005 1546 spiritus
1021 1456 1142 1528 saneti.
1225 1477 1227 1486 ·
1363 1451 1488 1535 Τίτιιξ
1515 1452 1585 1546 μὲν
1614 1454 1750 1554 τέττιγι
1773 1453 1898 1551 φίλος,
1925 1450 2095 1550 prinpum
2121 1450 2162 1527 de*
2184 1449 2348 1550 μύρμαξ,

421 1559 517 1630 Deus
533 1561 611 1629 vult
632 1580 704 1627 esse
720 1558 839 1626 efficax
859 1580 923 1647 per
938 1556 1175 1626 ministerium
1190 1551 1311 1624 Evan-
1360 1557 1477 1647 inquit
1495 1553 1717 1631 Theocritus.
1767 1558 1806 1629 Si
1828 1555 1885 1628 bie
1907 1581 2027 1627 sensus
2047 1558 2170 1627 tuendi
2187 1580 2348 1626 commu-

321 1663 405 1753 gelii
430 1676 465 1732 et
485 1662 562 1732 vult
587 1662 637 1729 ita
661 1661 751 1729 sicut
765 1681 802 1727 se
817 1658 980 1749 patefecit
1003 1658 1162 1727 invocari
1187 1671 1221 1728 et
1236 1681 1309 1725 non
1360 1658 1415 1725 nis
1437 1660 1573 1743 generis
1598 1660 1745 1729 minutis
1768 1660 1908 1730 insectis
1929 1661 2040 1741 inest,
2073 1660 2215 1750 quando
2237 1656 2348 1746 magis

321 1766 434 1836 aliter.
1360 1759 1463 1827 nobis
1480 1760 1591 1829 inesse
1608 1760 1736 1831 debet?
1766 1758 1862 1834 BN.
1878 1761 1935 1830 die
1955 1757 2012 1835 15.
2028 1757 2112 1830 Iulii
2126 1783 2220 1829 anno
2238 1751 2347 1829 1545.

423 1862 495 1931 Nec
509 1874 602 1930 recte
617 1862 760 1946 dieitur,
777 1861 974 1931 infantibus
989 1885 1063 1931 non
1079 1858 1213 1929 remitti
1229 1881 1310 1949 pec-

321 1980 437 2036 eatum
461 1986 521 2054 per
545 1962 782 2032 ministerium
804 1961 989 2053 Baptismi.
1039 1957 1135 2030 Haec
1160 1959 1310 2028 manife-

321 2081 372 2135 sta
394 2077 507 2133 errata
529 2064 608 2133 ideo
632 2064 819 2146 annotavi,
844 2077 884 2132 ut
905 2065 998 2132 clare
1020 2062 1170 2150 intelligi
1186 2060 1306 2152 possit,
1369 2101 1425 2171 No
1454 2103 1553 2173 3223

320 2162 582 2257 prohibendam
612 2188 685 2234 esse
708 2164 898 2234 editionem
920 2159 1027 2231 huius
1048 2164 1133 2232 libri
1155 2176 1188 2233 et
1210 2161 1306 2230 arbi·
1365 2155 1566 2226 κέν-μ’

321 2280 396 2336 tror
411 2280 588 2350 autorem,
603 2267 728 2335 sicum
744 2265 866 2334 amicis
879 2265 1043 2333 fidelibus
1069 2276 1102 2333 et
1127 2263 1183 2354 pie
1206 2286 1305 2330 exer-

319 2369 433 2439 citatis
455 2369 493 2435 in
509 2368 669 2437 doctrina
691 2367 854 2436 ecclesiae
866 2366 943 2451 dei,
967 2366 1083 2457 ipsum
1100 2364 1305 2434 emendatu-

320 2494 400 2539 rum
419 2493 491 2538 esse
507 2483 638 2555 errata,
663 2492 753 2560 quae
773 2469 900 2538 taxavi.

2206 2114 2262 2175 17.
2279 2102 2340 2169 lut.

1692 2287 1746 2369 R.
1775 2285 2015 2398 Bardingo.

1456 2439 1532 2505 †Er
1550 2439 1704 2511 apographo
1722 2440 1751 2494 iu
1769 2440 1831 2496 cod.
1849 2439 1936 2495 Paris.
1955 2440 1993 2492 D.
2011 2438 2041 2492 L.
2059 2437 2118 2491 ⁵4³.
2143 2455 2146 2464 ·
2218 2447 2228 2492 ’.’

419 2568 474 2688 lle
499 2594 606 2640 coena
630 2569 769 2639 domini
786 2567 891 2685 etiam
915 2566 1076 2685 dissentit
1091 2567 1137 2635 ab
1151 2565 1305 2683 ecclesiis
1369 2593 1424 2671 J),
1450 2594 1624 2667 [mbo
1648 2591 1895 2689 Bordingo
1922 2592 2063 2666 dodon·
2086 2592 2181 2663 mis
2207 2587 2323 2662 medi·

318 2685 470 2756 nostrrs,
498 2684 532 2740 et
556 2693 769 2764 quamquam
792 2683 875 2740 satrs
899 2680 1035 2738 constat
1058 2682 1152 2736 mter
1171 2690 1250 2757 pros
1271 2679 1304 2734 et
1818 2697 1825 2713 ·

315 2776 439 2842 doctos
461 2772 773 2841 manducationem
800 2794 875 2839 non
903 2768 1033 2838 mereri
1063 2768 1303 2836 remissionem
1355 2792 1455 2882 SD
1516 2809 1656 2901 Exurge
1677 2811 1832 2883 Domine
1856 2807 2008 2884 Deus''et
2030 2810 2201 2881 exaltem„
2220 2830 2347 2877 manus

317 2886 539 2964 peccatorum
563 2873 787 2945 nec.adserre
814 2872 1056 2940 remissionem
1082 2881 1322 2986 peccatorum.
1356 2929 1433 2998 nm
1456 2865 1511 2982 'ne
1537 2914 1756 2983 obliviscaris
1782 2872 2145 3003 pauperuffiguomm
2168 2911 2207 2977 in
2229 2911 2347 2982 finem,

318 2998 483 3065 ἐχθρω
505 2985 664 3063 ⁰per³t⁰'
691 2987 806 3042 tamen
829 2997 904 3041 ”⁰¹¹
920 2970 1305 3084 d⁰⁰⁰ndume⁵tmqw
1355 3013 1728 3104 Hacvoceprovobis
1747 3037 1888 3105 quoque
1912 3034 2036 3101 precor
2079 3026 2119 3081 ut
2133 3007 2229 3079 Deus
2249 3010 2347 3078 miti-

316 3075 541 3144 ducationem
562 3087 699 3143 tantum
714 3076 796 3159 {esse
820 3074 959 3160 signum
979 3083 1124 3140 mutuae
1144 3070 1306 3139 dilectio·
2042 3059 2052 3088 '

316 3178 373 3243 nis
397 3189 458 3245 aut
481 3174 706 3265 professionis
727 3169 959 3245 Christianae.
1010 3172 1080 3241 Sed
1109 3196 1230 3241 revera
1254 3182 1305 3239 est

316 3276 554 3347 ministerium
576 3274 792 3344 remissionis
814 3285 1055 3365 peccatorum,
1085 3272 1124 3340 in
1151 3297 1222 3364 quo
1241 3294 1306 3363 per

294 3462 296 3466 v
316 3389 572 3448 sacramentum
587 3375 855 3445 commonefaeti
872 3376 1015 3444 credere
1030 3386 1064 3443 et
1077 3385 1228 3443 statuere
1241 3375 1303 3441 de-

316 3481 440 3549 bemus
464 3501 546 3546 vere
574 3477 678 3545 nobis
701 3477 835 3546 remitti
857 3490 994 3568 peccata
1021 3487 1166 3566 propter
1190 3474 1305 3542 lilium

314 3583 374 3650 dei
396 3604 459 3670 pro
481 3577 585 3646 nobis
608 3578 813 3647 crucifixum
842 3593 876 3648 et
904 3601 1001 3646 nune
1029 3589 1235 3664 regnantem
1264 3597 1305 3642 ac

315 3682 589 3752 sanctificantem
604 3680 784 3749 ecelesiam
799 3679 868 3751 dei.

782 3776 971 3872 Philippus
986 3772 1253 3850 Melanchthon.

312 4128 379 4200 No.
397 4128 507 4199 3999.

1153 4134 1206 4199 15.
1219 4123 1278 4189 lut.

318 4221 491 4253 mm
1133 4217 1302 4244 »em

687 4307 727 4391 I.
756 4308 931 4394 Rottto.

380 4449 456 4516 †Ex
478 4449 632 4531 apographo
656 4448 685 4501 in
704 4448 766 4503 eod.
788 4446 871 4500 Goth.
886 4447 944 4503 191.
960 4465 985 4517 p.
1000 4442 1067 4501 30¹).

412 4517 533 4590 grapbon
555 4529 633 4571 ettam
651 4518 678 4570 in
701 4516 764 4573 cod.
785 4515 945 4570 Monacensi
968 4515 1012 4567 90.
1033 4532 1080 4566 no.
1095 4513 1155 4567 Vl.
1178 4531 1205 4582 p.
1227 4515 1244 4564 8
1267 4511 1293 4564 b.

413 4587 459 4640 uhi
480 4585 652 4640 inscribiturr
685 4585 852 4638 Iohanni
867 4585 984 4651 naue,
1009 4582 1233 4648 Bambergensr‘‚
1249 4584 1302 4633 do-

412 4657 487 4709 centi
501 4657 600 4707 literne
621 4657 652 4706 r'n
672 4656 774 4719 ορρίόο
787 4652 945 4721 Mutuseld,
962 4651 1055 4703 arnico
1073 4666 1134 4704 suo.

1103 4443 1215 4564 tn,
1234 4462 1302 4563 Ἰ..

463 4788 679 4865 Iohanni
695 4787 844 4878 Roth,
869 4788 1150 4885 Bambcrgensi.

1356 3129 1413 3204 get
1434 3116 1615 3185 servitutis
1628 3128 1763 3183 vestrae
1784 3113 2027 3202 asperitatem,
2049 3122 2088 3175 ut
2106 3110 2239 3193 integra
2257 3134 2344 3178 con·

1356 3218 1501 3287 scientia
1516 3216 1601 3286 laeti
1623 3215 1787 3283 invocare
1799 3208 1916 3282 Deum
1929 3220 2110 3279 aeternum
2124 3218 2260 3295 patrem
2279 3204 2346 3272 do·

1356 3318 1447 3387 mini
1460 3318 1574 3386 nostri
1591 3314 1670 3385 lesu
1685 3310 1820 3386 Christi
1834 3310 1974 3406 possitis
1989 3322 2025 3379 et
2038 3307 2071 3376 ei
2087 3306 2216 3396 gratias
2232 3313 2345 3392 agere.
2376 3365 2379 3370 .

1356 3418 1446 3490 Nam
1463 3422 1576 3488 donec
1592 3418 1630 3485 in
1646 3418 1708 3487 tali
1725 3417 1810 3487 estis
1823 3435 1977 3495 carcere,
2003 3431 2093 3503 quae
2109 3418 2256 3497 possunt
2268 3405 2345 3473 dari

1304 3580 1307 3591 .
1356 3520 1502 3590 consilia
1519 3533 1640 3589 eontra
1655 3516 1888 3587 violentiam?
1928 3508 2062 3600 Scripsi
2075 3507 2209 3599 aliquid
2229 3530 2271 3575 eo
2288 3530 2346 3574 ar-

1355 3635 1539 3711 gumento,
1565 3621 1661 3711 quod
1685 3612 1731 3689 F
1725 3615 1914 3687 runcisrus
1930 3609 2127 3704 Hispanus
2149 3608 2199 3676 att
2206 3656 2219 3691 ,
2246 3631 2281 3675 se
2300 3608 2346 3674 ad

1356 3722 1486 3792 amicos
1501 3721 1540 3790 in
1554 3720 1737 3809 Belgicum
1752 3719 1903 3800 misisse3
1928 3714 1989 3782 sed
2005 3708 2141 3780 etiamsi
2160 3710 2197 3777 id
2219 3708 2345 3796 legeri-

1355 3821 1418 3906 tis,
1448 3836 1652 3903 occurrent,
1686 3833 1726 3890 ut
1753 3820 1810 3901 fit,
1841 3808 1996 3903 multa¹)
2024 3807 2269 3900 particularia,
2300 3809 2346 3875 de

1355 3926 1485 4018 quibus
1507 3922 1719 4011 respondere
1738 3941 1801 4009 per
1820 3917 1955 3995 literas,
1987 3933 2077 4006 quae
2095 3909 2226 3977 deinde
2247 3907 2345 3976 velut

1354 4028 1491 4095 decreta
1506 4018 1570 4093 καὶ
1583 4015 1809 4114 ψηφίσματα
1830 4016 2144 4094 circumferuntur,
2168 4009 2344 4100 periculo-

1355 4149 1432 4194 sum
1453 4138 1514 4196 est.
1564 4121 1723 4192 Consilia
1739 4124 1784 4190 do
1808 4119 1919 4189 lirmis
1942 4115 2086 4185 duriora
2107 4106 2172 4181 καὶ
2194 4107 2344 4204 ἀκριβέ-

1356 4248 1485 4319 στερα,
1513 4223 1698 4319 tyronibus
1720 4237 1755 4292 et
1776 4219 1979 4290 imbellibus
1993 4213 2148 4295 leviora,
2175 4211 2236 4303 qui
2260 4234 2345 4299 pro-

1355 4323 1509 4395 vehendi
1526 4338 1610 4395 sunt
1623 4346 1696 4393 non
1712 4320 1930 4397 deterrendi.
1955 4330 1995 4386 ut
2009 4313 2143 4383 Paulus
2157 4312 2256 4381 iubet
2275 4306 2344 4382 τὸν

1355 4426 1594 4499 ἀσθενοῦντα
1613 4429 1660 4518 τῇ
1684 4418 1803 4494 πίστει
1823 4408 2199 4515 αροςλαμβοίνεσθαι,
2223 4407 2277 4504 μὴ
2293 4411 2344 4491 εἷς

1296 4548 1305 4575 ’
1354 4523 1555 4622 διακρίσεις
1574 4522 1838 4624 διαλογισμῶν.
1889 4519 1992 4589 Hanc
2013 4518 2088 4585 fere
2108 4514 2282 4583 rationem
2302 4513 2342 4581 in

1353 4627 1409 4699 his
1430 4630 1587 4699 consiliis
1612 4651 1752 4720 sequor.
1821 4621 1929 4712 Quod
1950 4643 2034 4689 vero
2056 4631 2095 4687 tu
2120 4617 2165 4683 de
2190 4615 2252 4684 tali
2280 4638 2343 4705 pa-

1352 4745 1446 4801 store
1473 4732 1650 4819 disputas,
1682 4727 1743 4822 qni
1774 4738 1866 4795 recte
1893 4725 2020 4792 docere
2047 4715 2174 4811 possit,
2210 4716 2237 4783 si
2268 4740 2345 4785 ser-

1352 4847 1410 4902 vet
1437 4831 1559 4899 missas
1578 4827 1613 4924 ²)
1643 4830 1733 4913 ritu,
1782 4850 1856 4895 non
1885 4824 2041 4893 arbitror
2077 4832 2246 4911 tyrannos
2280 4840 2341 4885 ve-

310 4908 750 4993 Hmleblnallqnnmllu
769 4923 968 4974 nelnlnennm
986 4915 1302 4997 Ramborgtuolu')
1352 4948 1443 4988 „rm
1472 4933 1621 5003 tolerare
1655 4928 1874 5024 quempiam,
1917 4924 1980 5017 qui
2011 4922 2067 4990 vel
2098 4933 2217 5010 aperte
2248 4930 2341 4985 laxat

310 4991 613 5098 ChriSwPhOf‘tb
629 5000 728 5070 ⁶⁰5¹ss
744 4994 832 5068 mihi
848 5014 974 5071 mmm
989 5004 1211 5092 P‘ffflbffl'alis
1226 5005 1301 5075 V5⁵³
1351 5033 1572 5091 mortuorum
1608 5031 1887 5106 invocationem,
1932 5025 1989 5087 vel
2023 5017 2161 5087 aboleat
2194 5017 2341 5086 cantile-

311 5117 373 5222 θξῐ·
424 5099 515 5172 cum
530 5103 638 5192 igitur
654 5115 800 5193 Pf⁰Pter
814 5100 970 5219 59⁰Pi³¹¹¹
986 5127 1129 5174 manere
1143 5099 1204 5175 hic
1218 5107 1301 5176 diu·
1351 5145 1415 5191 nas
1433 5123 1571 5214 impias.
1629 5121 1774 5194 Frustra
1795 5123 1905 5212 igitur
1923 5118 2165 5213 quaestionem
2186 5119 2339 5210 proponi

311 5220 470 5322 91118111.οΠ
488 5217 619 5320 Ρθιὸὃθί,
642 5227 706 5272 11Θῦ
721 5225 785 5292 ego
800 5204 905 5273 allam
920 5204 1094 5274 talionem
1111 5207 1298 5275 consttlen·
1351 5225 1515 5296 arbitror.
1567 5221 1651 5294 {deo
1672 5223 1982 5316 pmssUssCiandum
2005 5244 2081 5289 non
2096 5221 2229 5310 putavi.
2280 5218 2339 5290 Si.

308 5309 395 5421 ⁴¹¹.²¹
418 5327 613 5372 inventrem
629 5306 761 5386 ullam,
787 5305 927 5422 decurri
943 5307 986 5376 ad
1010 5299 1078 5375 hoe
1094 5307 1298 5395 consilium;
1350 5326 1514 5414 gnififfle
1534 5320 1625 5393 mihi
1647 5325 1822 5417 pom-1253,
1847 5347 1894 5394 ,n
1916 5322 2006 5392 illud
2027 5346 2146 5392 meum
2167 5322 2338 5411 scriptum

308 5409 361 5477 fur
376 5417 518 5488 auctor,
544 5420 585 5475 ut
599 5406 644 5472 ad
660 5421 694 5477 te
710 5406 1005 5497 proficisceretur,
1030 5419 1072 5477 ut
1085 5408 1223 5477 inludo
1236 5423 1298 5480 tuo
1348 5449 1368 5494 a
1384 5417 1588 5494 messco
1597 5422 1771 5522 Ηιζςραηο
1784 5427 1929 5495 missum
1947 5425 2034 5495 igme
2050 5419 2220 5496 videritis,
2262 5419 2339 5491 Do.

308 5508 340 5579 ei
361 5506 490 5597 aliquis
511 5505 610 5574 locus
629 5506 899 5592 attribueretur,
923 5521 985 5578 aut
1005 5522 1065 5578 tua
1083 5524 1144 5580 aut
1158 5523 1299 5580 conter-
1348 5540 1443 5596 crore
1467 5540 1581 5597 vestro
1605 5552 1769 5613 moveor,
1795 5541 1830 5598 et
1847 5527 1982 5597 mederi
2001 5523 2127 5596 animis
2140 5523 2254 5613 aegris
2274 5546 2338 5590 m.

307 5609 407 5681 ranei
423 5606 467 5681 D.
483 5601 652 5676 Martini
663 5607 845 5698 diligentia
867 5609 915 5678 ab
938 5609 1059 5680 amicis
1073 5611 1209 5706 aliquid
1222 5611 1300 5683 via-

1347 5713 1576 5730 w

339 5891 371 5965 8)
391 5891 462 5955 cot.
475 5893 559 5953 Goth.
573 5894 649 5952 19l.=
666 5895 888 5969 numburgensis.

1382 5818 1408 5886 1)
1427 5819 1520 5871 multa
1537 5816 1711 5874 scribendum
1727 5816 1818 5888 putari
1835 5836 1887 5891 pro
1903 5822 1999 5890 natta,
2016 5813 2090 5887 quod
2107 5801 2237 5873 neudum
2252 5824 2302 5872 eet.

1380 5903 1412 5970 9)
1427 5904 1533 5974 Apage.
1552 5905 1667 5972 misser,
1686 5903 1760 5974 quod
1779 5923 1830 5977 pro
1846 5904 1949 5961 mendo
1967 5904 2063 5958 babeo.
