5325 6917
333 687 383 764 99
911 680 1348 763 EPISTOLARUM
1403 677 1513 758 LlB.
1547 678 1612 753 lX'.
1665 675 1797 753 154s.
2052 707 2062 715 -
2294 670 2369 743 100

336 859 506 933 Difficiles
525 859 641 930 aditus
656 854 763 929 babet
779 854 847 928 hoc
861 858 954 927 vitae
969 880 1079 947 genus
1093 858 1131 925 iu
1148 857 1243 949 quod
1266 856 1326 923 in·
1379 849 1493 923 diunt.
1553 846 1681 920 Gallus
1705 841 1877 939 impedire
1899 858 1952 916 tot
1975 844 2046 913 iarn
2068 861 2182 910 annos
2204 838 2384 909 omnibus·

337 985 473 1052 gressus
498 984 544 1032 es.
603 955 681 1031 Sed
696 975 854 1051 tempore
880 972 985 1029 erunt
1008 958 1168 1028 faciliora
1194 956 1326 1041 omnia,
1379 944 1552 1021 machinis
1567 963 1735 1029 conatur,
1768 947 1832 1040 qui
1849 946 2001 1017 alieniss.
2018 942 2138 1011 animo
2153 954 2206 1011 est
2223 964 2243 1010 a
2258 940 2376 1012 nobis.

337 1088 454 1154 neque
478 1062 573 1129 enim
597 1063 780 1131 defuturus
803 1073 854 1129 est
874 1056 971 1129 Deus
994 1054 1144 1130 honesto
1167 1058 1327 1129 consilio.
1378 1048 1518 1123 Omitto
1536 1051 1604 1120 alia
1621 1051 1750 1133 multa,
1781 1070 1872 1140 quae
1887 1048 1954 1117 tibi
1970 1045 2093 1117 notiss.
2114 1054 2209 1116 sunt.
2273 1037 2390 1111 Bene·

341 1163 459 1239 Audio
478 1164 566 1231 istuc
581 1164 701 1231 venire
715 1153 940 1232 Cornarr'um
961 1173 994 1229 et
1009 1160 1249 1231 conditionem
1266 1182 1327 1226 ve·
1380 1153 1470 1227 vale.
1521 1148 1689 1227 Gotthae.
1715 1151 1774 1221 die
1788 1145 1949 1239 Georgii.
2001 1138 2260 1216 AnnoXLlll.

339 1264 430 1334 nari.
490 1261 582 1351 Ages
604 1288 684 1333 cum
709 1261 751 1336 D.
776 1261 820 1336 D.
844 1257 1075 1356 Augustino,
1111 1274 1170 1346 ut,
1205 1259 1236 1327 si
1257 1281 1327 1352 qua
1944 1244 2132 1338 Philippus
2147 1236 2325 1316 Melanch.

340 1366 444 1435 nobis
461 1364 664 1434 absentibus
678 1365 753 1433 eius
768 1364 821 1431 rei
833 1364 969 1453 mentio
978 1362 1194 1447 factaluerit,
1209 1374 1328 1430 osten·
1478 1372 1485 1380 '

340 1468 401 1536 dat
422 1466 473 1535 tui
499 1466 671 1535 rationem
695 1460 894 1534 habendam
917 1488 989 1534 esse
1012 1463 1139 1554 potius.
1188 1457 1328 1532 Amabo

341 1582 392 1652 te,
418 1568 464 1635 sis
478 1567 573 1635 bono
587 1566 723 1647 animo,
751 1589 816 1635 nos
834 1582 1005 1658 quantum
1022 1564 1215 1655 poterimus
1227 1562 1330 1632 dabi-
1383 1598 1449 1670 Νο.
1464 1599 1577 1672 ’Μ
2230 1599 2264 1664 5·
2277 1594 2368 1659 Μ

340 1692 420 1738 mus
436 1692 597 1759 operam,
629 1681 670 1737 ut
686 1668 862 1757 intelligas
877 1691 943 1737 nos
957 1666 1023 1737 tibi
1039 1686 1081 1734 ex
1097 1665 1216 1734 animo
1240 1663 1330 1732 bene
1390 1698 1561 1728 m
2118 1669 2120 1674 ’
2207 1684 2380 1715 Μ
2398 1695 2404 1702 -

343 1770 506 1841 voluisse.
558 1768 715 1838 Mittitur
730 1769 821 1839 istnc
837 1792 935 1839 meus
948 1770 1073 1851 scater,
1097 1765 1158 1857 qui
1175 1789 1253 1834 curn
1270 1788 1329 1832 ve-
1767 1760 1987 1847 Knutelrb,

341 1871 437 1941 norit
451 1871 641 1960 recipiatur
656 1871 695 1939 in
711 1894 807 1940 meas
821 1872 936 1943 aedes.
986 1866 1065 1938 Hoc
1080 1860 1285 1935 Francisco
1298 1879 1330 1934 te
1932 1939 1940 1953 ·
2194 1932 2201 1947 ,

342 1972 450 2040 velim
468 1972 636 2045 indicare.
685 1968 731 2046 D.
743 1969 788 2044 D.
807 1965 1015 2064 Augustino
1030 1969 1221 2060 plurimam
1237 1968 1333 2036 salu·
1454 1941 1817 2069 Elli’a'gnllwsslgmm·
1835 1967 1871 1984 “
1905 1933 2297 2008 ¹¹¹⁰‘”'¹¹⁰⁸”l’¹²⁰¹¹¹⁰⁰⁴l
2310 1933 2379 1990 ΜΟ·

327 2086 415 2143 tem
430 2071 487 2141 dic
503 2073 590 2142 meis
606 2072 741 2159 verbis,
769 2070 855 2141 Vale
872 2095 913 2141 cx
928 2066 1075 2144 Gottha.
1218 2075 1224 2090 ‘
1541 2031 1633 2085 ''¹'‘
1697 2049 1705 2066 ⁹

1388 2166 1556 2265 Egregia
1581 2166 1764 2238 virtutes!
1788 2160 1958 2234 doctrino
1985 2158 2173 2258 praedito,
2209 2155 2382 2233 Domino

1389 2266 1624 2343 Guilelmo
1643 2261 1832 2337 Franco
1856 2259 2001 2363 [Guil.
2019 2258 2291 2360 Kartalo}
2311 2260 2382 2333 Sc-

342 2423 410 2498 NQ
427 2423 538 2499 2092,
945 2435 1003 2496 23·
1020 2424 1121 2509 April.
1148 2424 1312 2509 (Gothus.)
1390 2369 1546 2444 cretorio
1561 2365 1748 2465 Principis
1761 2362 2011 2447 Nossaensis,
2037 2363 2235 2435 amicosne
2250 2363 2382 2440 cariss.

350 2520 521 2551 Μ
934 2524 1330 2572 *m
1388 2484 1434 2575 S.
1460 2505 1505 2581 D.
1555 2504 1663 2595 Quod
1684 2505 1838 2574 faustum
1855 2515 1890 2572 et
1905 2502 1988 2570 felix
2004 2501 2067 2585 sit,
2096 2499 2259 2569 venimus
2273 2494 2383 2569 Bors-

618 2607 769 2692 ῙοαοῘι.
804 2607 1063 2699 Camerario.
1272 2679 1276 2684 ,
1391 2632 1479 2676 nans
1501 2608 1672 2699 superatis
1689 2604 1946 2675 Tencterorum
1966 2603 2113 2672 saltibus
2127 2612 2162 2671 et
2176 2600 2286 2688 iugis,
2314 2625 2384 2691 po·

456 2782 463 2795 ,
503 2723 505 2727 “
810 2732 818 2741 ’
1055 2788 1062 2801 ‚
1389 2710 1513 2778 stridie
1547 2731 1653 2802 quam
1682 2731 1702 2776 a
1734 2705 1837 2775 vobis
1869 2704 2102 2775 discessimus.
2166 2700 2384 2773 Scribuntur

334 2811 336 2815 ’
413 2780 499 2853 E⁹¹⁸¹‘
513 2782 547 2836 ad
562 2782 698 2841 camme
716 2803 743 2857 μ’
755 2784 859 2856 ⁴²⁶⁸*
878 2784 932 2856 (ed.
945 2786 1033 2844 '¹⁰⁰³'
1044 2787 1092 2843 ¹¹¹²·
1107 2787 1155 2845 W·
1168 2805 1211 2858 ²⁹·
1224 2787 1296 2850 ²⁹⁷⁸)
1391 2810 1483 2878 duae
1511 2809 1644 2877 formae
1672 2804 1950 2878 Reformatiouis
1972 2800 2253 2888 Ecclesiasticae,
2292 2825 2384 2896 qua·

1493 2911 1601 2978 altera
1621 2910 1781 2996 eligenda
1803 2906 1867 2985 sit,
1893 2906 2003 2974 altera
2024 2929 2044 2973 a
2068 2901 2113 2976 D.
2129 2896 2272 2972 Bucero
2293 2904 2383 2972 sim·

1688 3007 1797 3078 altera
1821 3029 1842 3076 a
1862 2997 2027 3097 Gropero
2046 3006 2183 3089 fucosa,
2212 3004 2275 3097 qui
2297 3017 2382 3074 tan·

344 2929 506 3012 Clariss.
532 2946 564 3007 et
589 2947 660 3036 opt.
684 2938 763 3010 siro
785 2937 814 3011 I
819 2935 1029 3013 oachimo
1060 2935 1338 3016 Camerario
1390 2933 1471 2980 mm

516 3036 787 3136 Bambergcnsi
805 3045 926 3113 amico
946 3067 1015 3115 suc
1038 3043 1166 3115 coriss.
1390 3011 1471 3103 9¹⁸¹
1494 3023 1529 3079 εἴ
1551 3033 1661 3100 pura,-

1390 3126 1466 3182 tum
1497 3112 1590 3181 ludit
1618 3108 1823 3178 excusandis
1854 3106 2171 3194 ettcoufirmandis
2200 3106 2382 3176 abusibus.

1389 3211 1461 3283 Sed
1486 3234 1624 3302 semper
1650 3205 1715 3278 hae
1745 3207 1950 3299 praestigiae
1980 3208 2131 3298 speciem
2163 3200 2297 3276 habent
2324 3229 2383 3275 sa·

1390 3313 1562 3405 pientiae,
1594 3325 1629 3381 et
1651 3325 1734 3380 sunt
1750 3324 1868 3398 gratae
1881 3304 2046 3379 humanis
2062 3307 2214 3377 iudiciis.
2264 3305 2382 3376 Video

345 3160 391 3248 S.
417 3170 463 3247 D.
514 3172 619 3245 Sensi
634 3198 690 3243 me
706 3174 856 3245 mirifico
873 3176 1049 3246 desiderio
1067 3191 1100 3248 et
1117 3176 1170 3247 tui
1187 3190 1221 3247 et
1240 3200 1339 3247 meae

280 3277 286 3285 '
343 3276 500 3344 familiae
523 3276 634 3357 affici,
676 3289 863 3367 postquam
893 3299 914 3344 a
945 3290 979 3347 te
1010 3277 1164 3352 discessi.
1223 3275 1263 3346 ld
1291 3301 1338 3347 au

344 3375 564 3468 praesagium
581 3397 653 3443 esse
668 3376 795 3444 ducam
810 3376 922 3446 futuri
936 3377 1085 3448 alicuius
1101 3390 1265 3464 eventus,
1290 3401 1336 3448 an
1388 3413 1525 3507 aliquid
1539 3415 1614 3483 fore
1631 3412 1873 3482 certaminum·
1925 3410 1997 3480 sed
2019 3432 2158 3477 oremus
2174 3406 2310 3493 Deum,
2340 3420 2383 3479 u,

345 3500 429 3544 vem
447 3467 792 3561 ⁵⁰⁰⁰⁰t⁰fi⁵⁷¹⁰l¹9⁰ffi
817 3477 954 3550 dnbim·
987 3474 1212 3549 Habelenim
1227 3498 1337 3576 ποθ’
1389 3516 1562 3606 gubernet
1588 3514 1662 3607 ipse
1690 3536 1774 3583 suae
1796 3509 1975 3582 Ecclesiae
2000 3532 2159 3587 causam,
2199 3522 2234 3579 et
2258 3510 2383 3579 lumen

345 3571 410 3675 Ϊαὶ
435 3577 473 3643 5¹¹
495 3575 639 3646 ⁵²¹¹ib¹¹⁵
662 3578 813 3696 acrifi’tff'
833 3577 1006 3696 ⁸5¹¹¹P¹⁰⁸·
1057 3579 1128 3699 3²¹!
1142 3578 1258 3699 [lenm
1278 3604 1338 3651 ³⁹·
1388 3613 1594 3706 Evangelii,
1632 3638 1739 3684 neca
1762 3606 1958 3704 Sophistis,
1992 3634 2057 3680 nec
2080 3635 2100 3679 a
2124 3607 2253 3679 'l'urcis
2274 3608 2383 3680 obrui

346 3691 486 3745 ternum
503 3689 639 3766 patrem
656 3678 795 3747 domrnr
815 3691 929 3749 nostrr
947 3677 1026 3751 lesu
1040 3675 1173 3752 Chrrsu
1189 3706 1272 3768 oro,
1296 3696 1338 3755 ut

524 3773 528 3785 ,
1390 3718 1512 3792 sinat.¹

347 3800 413 3847 nos
428 3790 526 3866 regat
542 3791 575 3846 et
592 3791 717 3852 servet.

1347 3829 1350 3834 '
1472 3817 1592 3887 Princi
1597 3816 1633 3909 pi
1648 3804 2345 3885 lllustriGuls'clmoComitiNossoenss‘
2356 3808 2384 3907 ι)

342 3945 350 3952 -
447 3906 627 3979 Hactenus
653 3910 721 3980 iter
743 3910 809 3981 feci
831 3937 894 4004 per
917 3937 1000 3985 rura
1023 3912 1236 4005 Turingica,
1273 3916 1339 3987 ubi
1389 3920 1478 3989 meis
1493 3920 1610 3989 verbis
1628 3927 1829 3998 reverenter
1844 3936 1923 4003 ages
1939 3913 2080 4002 gratias.
2132 3912 2218 3982 Tibi
2239 3915 2384 4005 quoq'ue

348 4006 416 4080 hoc
431 4012 575 4079 nomine
590 4012 727 4082 beatius
745 4013 894 4095 vivitur,
919 4016 1002 4108 quia
1017 4017 1174 4087 uulliibi
1189 4015 1339 4111 deRep.
1391 4022 1538 4112 gratiam
1570 4015 1685 4089 habeo
1714 4041 1780 4108 pro
1800 4014 1967 4085 omnibus
1990 4012 2126 4087 officiis.
2180 4009 2383 4104 Episcopus

347 4134 527 4180 sermones
544 4112 750 4186 audiuntur.
803 4112 945 4183 Tenon
960 4116 1086 4186 dubito
1103 4117 1173 4187 iam
1186 4121 1230 4188 de
1252 4144 1340 4190 con·
1391 4118 1499 4192 hodie
1526 4145 1593 4190 nos
1616 4119 1755 4189 vocavit
1779 4118 1816 4186 in
1841 4116 1994 4185 vicinam
2020 4138 2146 4187 arcem.
2203 4110 2259 4183 Dc
2282 4111 2384 4184 Con-

282 4283 284 4288 .
348 4226 475 4282 ventus
491 4211 604 4297 exitu,
633 4213 738 4283 foedo
763 4226 803 4283 ut
825 4228 964 4300 metuo,
989 4217 1124 4287 litteras
1147 4214 1340 4317 habere*).
1392 4236 1500 4292 veutu
1521 4218 1772 4309 Noribergensi
1795 4242 1860 4287 nec
1882 4217 1963 4285 aula
1985 4215 2114 4285 sciebat
2134 4208 2250 4284 adhuc
2273 4214 2384 4308 quid-

349 4312 476 4402 Qualis
508 4314 554 4384 sit
586 4314 780 4384 ratiocinor
811 4338 853 4383 ex
876 4318 1007 4386 caussis
1032 4317 1338 4417 προηγουμένως,
1392 4341 1498 4417 quam
1520 4324 1616 4395 certi.
1676 4319 1756 4391 Una
1778 4314 1844 4388 hac
1868 4341 1924 4385 me
1947 4315 2187 4387 consolatione
2211 4328 2384 4403 sustento,

349 4438 438 4505 quae
465 4429 567 4484 notae
590 4430 685 4493 sunt.
734 4411 825 4490 Heri
847 4417 953 4488 etiam
979 4419 1125 4513 quidam
1145 4421 1340 4494 affirmabat
1392 4427 1486 4519 quod
1516 4424 1588 4493 scio
1611 4420 1687 4492 Deo
1713 4443 1818 4513 curae
1847 4441 1919 4487 esse
1938 4414 2152 4503 Ecclesiam,
2191 4441 2297 4510 quam
2321 4429 2385 4487 tu·

350 4506 578 4586 Granvclum
593 4518 737 4586 dixisse:
764 4506 944 4587 Carolum
958 4515 1026 4590 hoc
1041 4544 1136 4591 auno
1151 4545 1225 4592 non
1238 4546 1340 4615 posse
1392 4526 1652 4598 multuantibus
1685 4536 1719 4592 et
1753 4520 1937 4590 ruentibus
1971 4515 2133 4610 Imperiis
2168 4517 2384 4588 mirabiliter

350 4616 389 4683 in
407 4612 636 4683 Germaniam
653 4616 785 4688 venire.
821 4617 893 4688 Sed
907 4617 1033 4689 Comes
1047 4618 1341 4718 Suorceburgius
1393 4628 1558 4710 servabit,
1581 4625 1645 4694 etsi
1663 4623 1787 4692 ruinae
1802 4619 2037 4710 Imperiorum
2053 4645 2129 4690 eam
2144 4621 2280 4689 duriter
2296 4642 2385 4688 con-

350 4715 483 4794 aiebat,
511 4714 609 4784 brevi
623 4713 818 4787 affuturum
833 4740 922 4789 esse:
956 4721 1154 4814 etquidem
1178 4748 1259 4794 cum
1280 4749 1341 4795 ex·
1392 4729 1543 4799 cutiuut.
1579 4713 1698 4794 'Bene
1724 4721 1801 4790 vale
1825 4719 2004 4796 carissime
2031 4718 2222 4793 Guilelmc.
2263 4719 2322 4788 die
2346 4717 2387 4791 5.

350 4816 473 4889 eslim·
952 4907 955 4912 ,
1243 4909 1247 4920 ⁴
1393 4827 1496 4901 Maii.-
1524 4826 1682 4897 Bonnae.
2009 4829 2013 4835 ’

451 4946 575 5038 Relegi
601 4970 737 5038 grecam
755 4948 945 5040 epistolam
974 4951 1013 5022 in
1045 4951 1189 5040 itinere,
1229 4956 1341 5047 magis
1902 4917 2091 5016 ῙηῑῖῙῗΡῐ)118
2107 4910 2333 5012 M⁰¹³¹l¹h⁰¹¹·

352 5051 470 5120 ocioso
486 5051 626 5134 animo,
652 5072 742 5143 quae
758 5050 901 5120 videtur
915 5046 1009 5121 mihi
1021 5055 1183 5147 quidem,
1207 5047 1340 5128 referre
1404 5127 1501 5139 „-

349 5150 492 5221 Libanii
510 5154 741 5247 χαρακτῆρα.
802 5149 920 5222 Miror
942 5178 1013 5248 quo
1037 5158 1186 5229 consilio
1205 5160 1251 5229 ad
1273 5182 1340 5230 nos
2038 5200 2040 5204 >

351 5253 557 5343 scriptasit.
613 5251 704 5322 Nam
730 5246 797 5346 hae
819 5255 1079 5327 controversiae
1102 5272 1241 5331 nostrae
1264 5284 1339 5331 non
1391 5256 1458 5333 No.
1475 5253 1587 5328 2694.
2225 5260 2259 5323 6.
2278 5251 2365 5324 Mau

350 5352 591 5444 impedierunt
605 5354 751 5425 consilia
765 5354 979 5427 defensionis
994 5358 1050 5428 vel
1063 5356 1270 5431 Pannoniae
1283 5363 1340 5431 vel
1768 5425 1777 5442 ,
1992 5399 1996 5406 -
2203 5344 2377 5380 *Ν

353 5454 495 5548 patriae.
558 5452 766 5545 Principum
799 5457 957 5547 privatae
985 5459 1194 5551 cupiditates
1227 5463 1341 5555 irnpe-
1558 5460 1561 5463 ’
1651 5420 1853 5532 Crustger
1881 5413 1945 5522 ad
1964 5413 2131 5498 Imm·

826 5599 828 5604 ’
1460 5591 1481 5654 †
1499 5585 1536 5640 Ex
1547 5582 1716 5656 autographo
1730 5575 1913 5649 crucigeriin
1926 5575 1992 5634 vot
2005 5574 2089 5650 Epist.
2100 5575 2233 5649 Meining.
2250 5595 2291 5650 ep.
2305 5577 2334 5631 5·

1872 5111 2378 5136 mun-t-

346 5637 574 5655 W

384 5739 566 5815 *)'Loquitur
582 5740 616 5797 de
634 5738 761 5803 Consiliis
777 5742 958 5822 Norinbsrg,
981 5747 1130 5824 dequibus
1150 5747 1205 5808 rid.
1220 5746 1339 5807 Sleiclsn.
1376 5730 1598 5824 ¹——
1861 5806 1867 5821 ,

416 5813 435 5873 Ι..
449 5812 468 5869 Ι.
486 5830 513 5885 p.
525 5808 578 5867 419
591 5829 651 5885 sqq.
1425 5816 1455 5887 1)
1474 5812 1575 5887 spus.
1587 5809 1673 5870 edidit
1682 5807 1875 5867 sanaem
