5325 6917
309 724 384 798 oet

315 889 375 962 De
396 871 600 959 ministeriis
623 880 856 981 Evangelieo
884 885 1121 998 “regimine
1147 885 1306 987 Episco-

738 1011 879 1085 porum.

418 1127 520 1198 Sicut
533 1124 601 1194 viri
619 1123 756 1216 politici
770 1126 1019 1195 antecellentes
1034 1126 1204 1217 sapientia
1222 1149 1308 1194 con-

319 1232 509 1301 stituerunt
539 1250 665 1317 regna,
709 1227 876 1315 gradibus
908 1252 1159 1320 personarum,
1199 1228 1307 1296 modo

262 1347 265 1351 '
320 1331 517 1416 electionis,
542 1344 577 1400 et
591 1351 700 1397 nervo
717 1329 918 1400 ordinariae
934 1331 1181 1415 successionis,
1207 1354 1309 1422 prae-

320 1436 479 1505 finitione
502 1444 680 1501 certorum
704 1432 864 1501 locorum
887 1448 921 1504 et
944 1433 1197 1523 collegiorum,
1221 1431 1307 1522 legi-

320 1540 396 1620 bus,
422 1534 582 1616 iudiciis,
608 1533 826 1618 executione,
854 1536 1057 1625 praesidiis,
1081 1536 1221 1627 opibus,
1247 1537 1310 1602 de-

319 1639 494 1717 fensioue,
521 1632 656 1731 (etalii
682 1636 719 1704 in
737 1636 982 1707 constituendo
1009 1638 1128 1707 lelices
1151 1638 1309 1719 suerunt,

320 1766 359 1810 ac
375 1740 552 1809 durabiles
569 1738 710 1830 politias
725 1738 1002 1824 constituerunt,
1026 1752 1065 1809 ut
1079 1737 1205 1833 Cyrus,
1230 1735 1309 1808 Au-

240 1885 243 1896 ·
320 1856 460 1932 gustus3
485 1841 546 1909 alii
568 1843 713 1910 fuerunt
733 1840 900 1925 infelices,
920 1866 985 1909 nec
1002 1841 1153 1912 retinere
1170 1853 1310 1923 statum,

321 1937 421 2014 cuius
446 1945 591 2012 luerunt
615 1956 773 2027 autores,
799 1956 1009 2034 potuerunt,
1035 1957 1074 2013 ut
1095 1941 1310 2026 Pisistratus,

320 2045 546 2129 Cleomenes,
570 2057 604 2114 et
627 2044 715 2128 alii,
732 2068 814 2113 raam
839 2045 944 2113 etiam
970 2045 1007 2112 in
1026 2038 1082 2113 his
1100 2046 1205 2115 rebus
1222 2068 1310 2136 opus

321 2162 371 2218 est
384 2149 454 2218 Dei
471 2147 602 2216 auxilio
620 2158 654 2214 et
667 2142 952 2238 gubernatione.)
1004 2143 1055 2217 lta
1071 2139 1185 2216 multo
1199 2146 1310 2237 magis

322 2250 359 2318 in
384 2247 541 2317 Ecclesia
561 2271 687 2337 magna
709 2272 793 2316 cura
815 2264 849 2317 et
869 2248 987 2317 studio
1011 2249 1116 2319 multi
1136 2250 1311 2341 sapientes

321 2351 436 2420 conati
462 2362 560 2432 sunt,
592 2373 687 2433 eam,
717 2352 761 2418 ad
792 2349 1024 2419 imitationem
1055 2352 1156 2441 regni
1180 2352 1311 2421 consti-

321 2466 429 2536 tuere,
454 2450 667 2521 ordinarunt
681 2452 810 2541 gradus
827 2474 1072 2542 personarum,
1093 2453 1312 2535 electionem,

320 2553 575 2648 successionem
597 2553 832 2635 ordinariam,
859 2554 1054 2637 dioeceses,
1079 2578 1182 2645 opes,
1206 2578 1311 2660 prae-

321 2654 422 2727 sidia.
475 2653 544 2723 Sed
563 2654 601 2720 in
625 2648 690 2721 hae
706 2654 782 2743 ipsa
798 2653 1053 2741 gubernatione
1067 2669 1212 2726 eventus
1233 2657 1311 2725 fue-

321 2871 444 2947 genter
458 2856 641 2924 ordinatus
660 2868 694 2924 et
707 2855 868 2925 munitus
883 2868 951 2942 est,
977 2881 1078 2950 saepe
1092 2856 1261 2951 Episcopi
1278 2874 1312 2930 et

322 2961 574 3049 gubernatores
593 2958 659 3050 ipsi
676 2971 877 3028 everterunt
885 2956 1071 3046 Ecclesias,
1088 2962 1178 3032 sicut
1194 2962 1310 3054 palam

321 3061 495 3145 cernitur,
520 3055 716 3151 Episcopos
734 3074 768 3131 et
790 3084 913 3131 eorum
928 3063 1026 3132 aulas
1047 3063 1168 3133 multis
1187 3064 1311 3134 seculis

319 3186 464 3255 prorsus
478 3161 669 3251 neglexisse
691 3162 807 3233 studia
821 3164 1003 3235 doctrinae
1025 3165 1184 3235 coelestis
1199 3179 1234 3235 et
1248 3192 1314 3235 vo-

319 3265 494 3336 cationem
513 3287 624 3336 suam.

421 3362 465 3431 lu
488 3363 598 3431 veteri
618 3377 826 3435 testamento
850 3364 946 3436 Deus
970 3392 1111 3462 qaroque
1135 3367 1310 3438 dioecesin

320 3465 497 3554 alligatam
525 3463 702 3553 personis,
739 3464 836 3546 loeo,
871 3468 1073 3538 ordinariae
1099 3470 1311 3540 successioni

322 3566 496 3648 instituit,
529 3587 618 3658 quae
639 3566 781 3635 duravit
802 3568 906 3637 anuis
929 3571 1081 3661 amplius
1103 3571 1211 3644 mille.
1262 3569 1311 3643 Et

321 3685 439 3740 tamen
461 3662 547 3736 haec
572 3667 646 3757 ipsa
671 3667 860 3752 dioecesis,
879 3670 1012 3739 multos
1034 3671 1162 3763 impios
1186 3670 1311 3745 habuit

321 3770 529 3854 Pontifices,
562 3783 595 3839 et
618 3763 736 3840 hostes
767 3794 868 3839 verae
890 3772 1090 3851 doctrinae,
1121 3788 1162 3843 ut
1185 3774 1309 3845 Mene-

321 3874 428 3958 laum,
457 3867 628 3952 lasonem,
652 3867 844 3957 Alcimum,
870 3887 904 3943 et
920 3875 1007 3943 alios
1024 3875 1310 3947 innumerabiles.

422 3961 517 4041 Ante
539 3968 718 4042 Aaronem
741 3971 900 4044 Ecclesia
922 3974 989 4046 Dei
1010 3977 1144 4060 diutius
1154 3973 1200 4073 ⁴⁰)
1220 3979 1310 4047 duo-

321 4078 387 4145 bus
399 4074 560 4142 millibus
578 4098 755 4144 annorum
772 4077 858 4160 luit,
886 4078 1023 4162 etiamsi
1042 4102 1115 4147 non
1139 4093 1214 4148 erat
1230 4081 1309 4150 talis

318 4175 488 4248 dioecesis
519 4176 661 4266 alligata
692 4178 771 4247 loco
797 4192 830 4248 et
857 4181 1016 4270 personis
1044 4196 1078 4251 et
1108 4181 1309 4251 ordinariae

319 4278 542 4351 successioni.
592 4275 642 4348 Et
665 4279 785 4371 postea
814 4281 851 4348 in
883 4281 1004 4373 politia
1034 4279 1176 4360 Iudaica
1206 4307 1309 4375 saepe

317 4376 517 4472 Prophetae
540 4392 572 4450 et
594 4381 754 4452 doctores
778 4380 893 4453 aDeo
924 4384 1062 4454 excitati
1088 4397 1189 4468 sunt,
1220 4410 1308 4479 quos

317 4483 440 4551 audire
462 4506 600 4551 necesse
618 4498 710 4569 erat,
737 4486 873 4555 etiamsi
890 4487 1151 4556 damnabantur
1175 4489 1219 4557 ab
1240 4488 1309 4556 im-

316 4582 385 4674 piis
405 4580 646 4656 Pontificibus.
1119 4642 1127 4664 ,·

418 4680 564 4751 Necesse
590 4698 641 4752 est
670 4686 776 4773 igitur
800 4690 999 4768 discernere
1023 4691 1068 4759 ab
1098 4689 1160 4759 illa
1185 4691 1308 4782 politia

316 4781 576 4877 Episcoporum
592 4783 732 4872 alligata
746 4788 849 4874 locis,
873 4791 1032 4882 personis
1052 4787 1079 4873 †
1096 4794 1307 4864 successioni

316 4886 537 4971 ordinariae,
571 4886 746 4976 imperiis,
786 4890 921 4980 legibus
948 4888 1156 4980 humanis''‚
1190 4896 1306 4986 ipsum

315 4987 554 5057 ministerium
584 4984 858 5078 Evangelicum,
892 4997 989 5084 qnod
1017 4992 1114 5064 Deus
1143 4995 1306 5081 instituit,

316 5103 349 5160 et
370 5112 497 5180 magna
514 5091 756 5161 misericordia
776 5092 928 5162 subinde
952 5095 1143 5182 instaurat,
1169 5112 1204 5168 et
1225 5121 1305 5189 per·

314 5204 422 5282 petuo
444 5207 561 5272 servat
580 5191 757 5265 Ecclesiae
781 5218 881 5279 suae,
908 5198 1004 5290 quod
1026 5221 1100 5267 nou
1122 5198 1304 5289 alligatum

313 5305 366 5362 est
380 5294 484 5365 certis
501 5295 604 5380 locis,
630 5298 810 5387 personis,
836 5312 871 5368 et
885 5292 1050 5370 humanis
1067 5300 1222 5390 legibus,
1243 5304 1301 5371 sed

310 5391 517 5496 Evangelio.
552 5395 684 5468 Paulus
701 5404 745 5470 ad
759 5396 891 5491 Ephes.
906 5403 941 5474 4.
956 5402 1087 5495 inquit:
1108 5394 1302 5474 Christum

311 5492 432 5568 sedere
454 5494 510 5568 ad
522 5493 693 5568 dextram
710 5499 852 5597 patris,
878 5510 910 5573 et
925 5499 1115 5574 Ecclesiae
1128 5530 1218 5576 suae
1234 5500 1302 5575 do-

311 5622 362 5668 na
379 5595 489 5684 dare,
516 5593 740 5697 Prophetas,
768 5601 983 5702 Apostolos,
1005 5615 1173 5705 pastores
1188 5617 1219 5677 et
1234 5602 1300 5677 do-

336 5901 382 5969 to>
399 5901 516 5967 mam]
534 5857 771 5955 remaneas

889 711 1323 790 EPISTOLARUM
1373 711 1570 791 ntum
1624 713 1755 793 1545.

1356 911 1417 957 sua
1432 887 1590 979 potentia
1603 901 1718 959 servet
1731 886 1968 965 ministerium
1983 897 2018 955 et
2041 884 2165 953 excitet
2179 883 2357 969 doctores,

1355 990 1540 1073 videlicet,
1573 1003 1612 1059 ut
1636 1014 1736 1070 vera,
1771 989 2011 1072 consentiens,
2046 987 2150 1056 unica
2178 985 2358 1071 doctrina,

1357 1105 1528 1182 perpetue
1542 1092 1580 1159 in
1597 1088 1753 1160 Ecclesia
1769 1107 1926 1175 maneat,
1954 1092 2044 1160 sicut
2066 1090 2150 1158 inde
2172 1089 2217 1157 ab
2233 1084 2357 1156 Adam

1357 1195 1534 1287 usquead
1561 1189 1646 1263 haec
1669 1207 1826 1285 tempora
1849 1193 1978 1261 mansit
2003 1192 2153 1261 verbum
2168 1188 2256 1273 Dei,
2284 1186 2357 1269 Μ

1358 1318 1448 1387 pura
1472 1296 1645 1366 sententia
1675 1295 1714 1364 iu
1742 1320 1826 1365 vera
1851 1293 2038 1378 ecclesia”,
2068 1308 2103 1364 et
2124 1317 2170 1361 ne
2192 1290 2356 1362 Ecclesia

1358 1400 1598 1468 abducatura
1625 1399 1732 1467 verbo
1760 1398 1846 1483 Dei,
1881 1410 1914 1466 et
1938 1397 2141 1487 impellatur
2166 1394 2204 1462 in
2236 1393 2355 1463 varios

1358 1523 1511 1583 errores,
1537 1513 1579 1570 ut
1600 1495 1749 1569 Ethnici
1767 1499 1927 1594 qnotidie
1949 1522 2062 1568 noros
2085 1499 2224 1567 furores
2250 1519 2354 1565 exco-

1358 1602 1529 1692 gitabant.

1460 1702 1529 1772 Hic
1553 1701 1685 1772 Paulus
1706 1705 1811 1794 plane
1839 1704 2008 1787 attineat,
2042 1725 2166 1771 verum
2191 1700 2353 1771 ministe-

1358 1802 1662 1894 rinmEvangelii
1684 1806 1722 1873 in
1744 1804 1901 1875 Ecclesia
1921 1804 2093 1893 singulari
2116 1803 2291 1894 potentia,
2319 1817 2354 1874 et

1360 1908 1530 1999 beneficio
1547 1903 1682 1977 Christi
1701 1907 1866 2002 retineri,
1888 1907 2070 1988 videlicet,
2095 1902 2164 1974 hoe
2184 1907 2290 1973 modo
2311 1918 2354 1976 ut

1359 2010 1512 2091 subinde
1528 2009 1712 2093 exuscitet,
1738 2011 1926 2098 gubernet,
1947 2022 1981 2078 et
1997 2009 2163 2077 defendat
2181 2008 2354 2093 doctores,

1360 2112 1424 2205 qui
1438 2108 1672 2201 Evangelium
1687 2126 1778 2182 recte
1792 2124 2003 2203 proponant,
2030 2122 2069 2178 ut
2084 2134 2165 2179 cum
2182 2110 2354 2179 obscura·

1360 2227 1437 2283 tum
1459 2227 1493 2284 et
1520 2203 1799 2283 contaminatum
1823 2227 1891 2297 est,
1920 2235 2043 2282 rursus
2070 2213 2223 2281 illustret
2249 2223 2284 2279 et
2309 2212 2356 2283 sit

1362 2316 1481 2384 efficax
1507 2339 1573 2408 per
1595 2339 1715 2384 vocem
1736 2312 1923 2405 Evangelii
1948 2330 1989 2411 et·
2007 2313 2354 2383 administrationem

1361 2417 1684 2501 sacramentorum,
1711 2417 1854 2506 colligat
1867 2418 1934 2484 sibi
1950 2414 2144 2486 Ecclesiam
2154 2430 2354 2501 aeternam,

1361 2520 1419 2587 det
1441 2516 1618 2609 Spiritum
1642 2533 1814 2589 sanetum.
1880 2517 1939 2588 Sic
1962 2513 2125 2588 Christus
2148 2518 2225 2609 ipse
2249 2539 2353 2588 suum

1360 2621 1493 2690 librum
1527 2634 1562 2691 et
1584 2644 1682 2689 snam
1713 2616 1870 2690 scholam
1901 2633 2034 2705 servat3
2070 2621 2161 2689 sicut
2184 2618 2269 2693 Esa.
2290 2616 2353 2696 51.

1359 2722 1531 2814 scriptum
1564 2736 1631 2793 est:
1666 2715 1785 2791 Posui
1807 2719 1914 2792 verba
1948 2745 2029 2791 mea
2056 2719 2095 2790 ia
2129 2742 2190 2791 are
2224 2729 2289 2791 tuo
2322 2730 2354 2792 et

1361 2821 1492 2893 embra
1509 2825 1644 2895 manus
1658 2848 1758 2894 meae
1767 2821 1917 2920 protexi
1933 2832 1975 2909 te,
2001 2832 2040 2893 et
2061 2819 2209 2921 plantes
2226 2819 2354 2894 coelos.

1360 2923 1406 2996 Et
1421 2951 1523 3019 saepe
1541 2927 1687 3019 repetita
1709 2940 1763 2997 est
1786 2923 1871 2997 haec
1893 2926 2080 3020 promissio
2098 2929 2141 2995 ad
2164 2927 2354 2996 consolan-

1360 3032 1424 3097 dos
1440 3051 1562 3097 omnes
1582 3043 1673 3097 recte
1695 3030 1899 3100 invocantes
1912 3024 2114 3113 Christum,
2140 3041 2181 3099 ut
2202 3029 2354 3097 sciamus

1360 3128 1475 3202 Deum
1498 3153 1561 3199 sua
1583 3131 1740 3220 potentia
1763 3145 1983 3223 servaturum
2007 3155 2080 3201 esse
2105 3155 2205 3201 suem
2227 3127 2355 3201 Eccle-
2398 3175 2400 3180 -

1361 3232 1467 3314 siam,
1492 3229 1747 3330 Evangelium,
1772 3245 1804 3303 et
1823 3233 2063 3303 ministerium
2078 3229 2276 3321 Evangelii.

1460 3331 1551 3402 Nam
1569 3335 1600 3403 si
1620 3335 1893 3429 fundamentum
1917 3350 2005 3406 esset
2019 3332 2193 3404 Ecclesiae
2217 3327 2353 3402 huma-

1360 3457 1407 3502 na
1423 3435 1623 3525 diligentia,
1651 3452 1684 3508 et
1700 3433 1855 3508 humana
1873 3436 2085 3520 constantia,
2109 3449 2143 3505 et
2155 3430 2353 3523 Evangeli-

1361 3560 1441 3606 cum
1471 3538 1709 3608 ministerium
1740 3540 1784 3608 ab
1799 3534 1963 3608 'humana
1990 3537 2147 3630 potentia
2169 3538 2355 3628 penderet,

1360 3638 1430 3707 cito
1448 3641 1625 3710 deleretur
1641 3666 1720 3710 cum
1736 3641 1821 3731 ipsis
1836 3642 2003 3732 imperiis,
2019 3637 2116 3722 †ubi
2129 3654 2269 3710 sonaret
2283 3663 2354 3708 vox

1361 3741 1570 3829 evangelii”,
1597 3744 1687 3812 sicut
1707 3744 1895 3832 religiones
1911 3744 2061 3812 aliarum
2086 3741 2244 3833 gentium
2270 3765 2353 3809 cum

1362 3844 1446 3932 ipsis
1463 3844 1620 3934 imperiis
1636 3846 1796 3914 funditus
1811 3845 1945 3914 deletae
1962 3858 2056 3916 sunt.
2108 3842 2176 3915 Sed
2192 3839 2289 3911 Deus
2312 3842 2350 3910 in

1360 3945 1423 4013 illo
1440 3948 1552 4037 capite
1567 3945 1693 4016 Esaiae
1710 3946 1838 4039 inquit,
1856 3970 1892 4013 se
1908 3946 2147 4014 ministerium
2163 3942 2351 4033 Evangelii

1360 4060 1503 4136 propter
1526 4049 1679 4139 seipsum
1703 4062 1737 4117 et
1765 4049 1973 4116 servandam
1999 4047 2164 4118 notitiam
2194 4045 2352 4113 nominis

1359 4145 1658 4219 sui'servaturum
1686 4173 1759 4218 esse
1782 4163 1813 4219 et
1843 4174 1917 4218 non
1945 4151 2198 4242 permissurum
2223 4161 2266 4217 nt
2288 4148 2352 4216 de-

1361 4251 1484 4321 leatnr.

1442 4349 1520 4421 'Sic
1544 4364 1577 4420 et
1599 4349 1740 4422 Psalmo
1765 4355 1920 4423 sectando
1951 4352 2085 4445 inquit:
2119 4343 2353 4419 Praedicabo

1360 4446 1402 4520 ele
1418 4462 1618 4550 praecepto,
1643 4449 1833 4525 Dominus
1852 4448 2023 4523 drait‘ad
2035 4476 2101 4535 me,
2116 4447 2232 4546 filius
2250 4474 2351 4520 meas

1324 4606 1326 4610 -
1359 4578 1395 4624 es
1410 4564 1460 4626 tu.
1512 4554 1615 4626 Hanc
1631 4581 1751 4625 vocem
1768 4554 1930 4627 Christus
1949 4582 2012 4649 per
2032 4581 2105 4627 sese
2126 4571 2161 4625 et
2175 4578 2260 4626 suos
2280 4553 2351 4622 mi·

1358 4660 1489 4729 nistros
1504 4672 1673 4750 perpetuo
1691 4660 1830 4729 sonabit
1845 4684 1910 4728 nec
1925 4659 2077 4751 opprimi
2091 4659 2193 4730 sinet.

1458 4759 1553 4829 Haec
1569 4759 1723 4849 primum
1740 4761 1831 4830 dicta
1853 4776 1938 4832 sunt
1952 4765 1996 4830 de
2011 4759 2208 4831 ministerio
2224 4755 2349 4828 Evan-

1356 4861 1485 4948 gelico,
1518 4872 1559 4928 ut
1581 4884 1702 4930 omnes
1728 4863 1930 4952 intelligant
1959 4889 2023 4933 nos
2047 4860 2227 4945 confiteri,
2258 4862 2349 4931 sicut

1356 4955 1440 5029 baec
1464 4975 1514 5031 est
1543 4975 1684 5032 aeterna
1710 4976 1745 5034 et
1766 4964 1913 5036 immota
1936 4966 2083 5049 veritas,
2108 4963 2349 5033 ministerium

1353 5060 1540 5154 Evangelii
1556 5078 1590 5134 et
1605 5063 1915 5139 sacramentorum
1929 5068 2163 5138 necessarium
2179 5089 2266 5150 esse,
2279 5061 2350 5149 †et

1354 5166 1535 5237 ecelesiam
1551 5170 1595 5236 ad
1613 5162 1681 5238 hoc
1703 5171 1880 5260 alligatam
1904 5195 1976 5240 esse
1986 5170 2011 5253 ³²,
2038 5192 2102 5238 nec
2123 5191 2197 5237 esse
2215 5165 2260 5263 ⁴¹)
2284 5159 2350 5260 po-

1353 5268 1479 5358 pulum
1499 5268 1568 5340 Dei
1585 5284 1646 5341 aut
1662 5272 1788 5343 electos
1804 5297 1954 5366 usquam
1976 5271 2046 5341 nisi
2068 5271 2107 5340 iu
2123 5283 2225 5340 coetu
2241 5294 2350 5339 voca-

1354 5383 1491 5459 torum,
1516 5373 1580 5443 ubi
1597 5388 1698 5444 sonat
1715 5401 1782 5444 vox
1794 5371 1979 5464 Evangelii
2001 5387 2036 5444 et
2050 5373 2350 5444 administrantur

1351 5470 1589 5547 Sacramenta.
1846 5509 1849 5515 ¹
2267 5519 2280 5586 t

1453 5574 1617 5646 Secundo
1636 5591 1669 5646 et
1688 5573 1757 5648 boc
1772 5578 1896 5669 ingens
1917 5576 2127 5648 beneficium
2142 5573 2213 5646 Dei
2237 5600 2349 5669 agua-

308 5708 431 5777 etores.
488 5699 536 5772 Et
559 5704 688 5775 diserte
717 5708 818 5779 addit
840 5734 1015 5790 caussam,
1046 5735 1109 5780 cur
1135 5706 1299 5783 Christus
1348 5677 1518 5746 scendum
1547 5689 1616 5761 ⁶⁸¹2
1652 5693 1686 5749 et
1715 5677 1791 5750 ΒΕΘ
1821 5681 2036 5813 ¹¹⁰ml⁰³ll¹¹l
2065 5704 2130 5771 Pf⁰
2153 5674 2224 5750 h⁰⁰
2249 5693 2348 5752 [2⁰2⁰

1350 5929 1352 5938 ·
1381 5904 1426 5971 tt)
1444 5921 1495 5959 nee
1512 5910 1585 5971 esse]
1604 5906 1668 5960 Per.
1686 5925 1787 5977 neque.
