5325 6917
2354 1758 2722 1844 1543.

512 2024 636 2093 No.
670 2022 894 2095 2612.

522 2119 867 2147 m

2246 2023 2274 2081 1
2294 2062 2306 2075 .
2343 2012 2464 2075 Ian.

2217 2109 2475 2134 M

1121 2135 1325 2284 ifito
1394 2193 1862 2282 ἸῚιεοᾶονο.

787 2383 954 2454 Epist.
988 2380 1082 2435 nb.
1107 2377 1201 2432 ιν.
1238 2396 1292 2449 p.
1323 2375 1420 2431 166
1445 2392 1526 2445 sq.

1102 2531 1329 2610 Vito
1389 2524 1910 2601 Theodoro.

517 2601 744 2743 Cum
792 2672 871 2740 in
912 2668 1086 2762 ipsis
1114 2665 1449 2739 Calendis
1494 2661 1838 2733 Ianuariis
1879 2656 2065 2730 hanc
2093 2653 2491 2750 Epistolam
2533 2650 2536 2722 Ϊ

516 2775 929 2857 scriberem,
988 2761 1511 2865 εὐφημότατον
1559 2764 1788 2834 visum
1836 2775 1972 2848 est,
2051 2758 2261 2830 initio
2310 2758 2492 2827 bene

516 2873 787 2967 precari
818 2868 1173 2943 Ecclesiae
1206 2883 1273 2940 et
1299 2866 1510 2958 Reip.
1595 2862 1841 2956 Itaque
1873 2875 2022 2932 toto
2050 2871 2332 2951 pectore
2363 2879 2490 2926 oro

513 2975 787 3059 Deum,
834 2971 1116 3042 Patrem
1147 2966 1582 3042 Liberatoris
1606 2964 1833 3036 nostri
1872 2961 2032 3033 Iesu
2057 2956 2367 3044 Christi,
2411 2971 2495 3030 ut

514 3079 636 3149 det
664 3097 935 3145 annum
963 3073 1270 3169 faustum
1305 3070 1619 3152 felicem,
1679 3063 2144 3157 tranquillum
2177 3057 2495 3131 Univer-

511 3201 635 3249 sae
682 3170 1038 3244 Ecclesiae
1088 3195 1289 3255 suae,
1366 3170 1500 3237 tibi
1541 3182 1610 3238 et
1652 3167 1964 3263 familiae
2008 3179 2207 3245 tuae,
2288 3174 2358 3230 et
2406 3160 2492 3229 iis

514 3276 884 3369 gentibuS,
938 3269 1118 3365 quae
1149 3266 1539 3361 hospitium
1570 3269 1905 3359 praebent
1935 3262 2292 3335 Ecclesiis.

713 3373 1087 3448 Danielem
1134 3371 1268 3441 tihi
1310 3369 1555 3454 mitto,
1609 3380 1695 3437 ut
1732 3366 1987 3436 addam
2036 3362 2260 3433 veteri
2297 3385 2494 3431 more

514 3478 829 3559 xenium,
875 3497 1007 3543 nec
1034 3496 1298 3556 moror,
1343 3468 1619 3543 etiamsi
1648 3465 1970 3537 dissentit
1997 3464 2283 3552 Collega
2308 3475 2493 3535 tuus.
2552 3468 2553 3473 ’

519 3579 752 3649 Velim
787 3599 953 3645 sane
1001 3598 1161 3643 eum
1211 3573 1525 3663 proferre
1566 3568 1856 3637 meliora
1906 3559 2495 3657 οῖ’ἀκριβέστερα

520 3684 609 3749 de
640 3675 1134 3768 supputatione
1169 3669 1727 3753 hebdomadum,
1779 3666 2047 3737 etiamsi
2081 3679 2318 3734 nostra
2350 3689 2496 3732 non
2541 3754 2544 3760 a

521 3781 903 3849 admodum
945 3775 1227 3868 spinosa
1275 3788 1400 3848 est.
1513 3769 1653 3842 Sed
1715 3782 1915 3838 tuum
1974 3765 2319 3836 iudicium
2379 3785 2491 3835 ex-

518 3896 870 4052 pecto'Res
893 3976 1216 4065 <Belgicae
1242 3967 1422 4043 mihi
1450 3969 1846 4062 displicent.
1949 3965 2089 4038 Sed
2119 3967 2313 4036 orbis
2356 3980 2501 4037 ter-

523 4105 761 4153 rarum
804 4082 947 4150 sato
996 4078 1237 4171 aliquo
1282 4086 1592 4164 urgetur.
1721 4069 1871 4140 Nos
1913 4065 2147 4139 Deum
2194 4092 2500 4152 oremus,

520 4200 603 4255 ut
670 4203 931 4274 poenas
992 4178 1313 4271 publicas
1376 4174 1667 4261 mitiget.
1777 4167 1874 4241 Et
1931 4171 2052 4239 det
2110 4162 2501 4241 ἅλκυόνεια

521 4282 773 4379 ἤματα
805 4278 1159 4353 Ecclesiae
1209 4300 1389 4366 suae·
1418 4270 1651 4344 adhuc
1691 4270 2127 4342 foetificanti.
2228 4269 2501 4339 Literas

524 4408 699 4478 quas
732 4383 982 4453 inclusi
1016 4382 1193 4462 tuis,
1237 4375 1485 4448 exhibe
1512 4373 1602 4447 D.
1624 4366 2053 4444 Francisco.
2104 4367 2296 4439 Bene
2326 4371 2501 4441 vale.
2555 4445 2558 4461 A

521 4486 671 4559 Cat.
704 4484 1038 4555 Ianuarii.
1094 4476 1312 4555 1548.

679 4621 684 4626 '
1540 4588 1918 4683 Philippus
1951 4579 2400 4659 Melanthon.

525 4989 664 5062 No.
691 4986 918 5063 2613.
2260 4981 2322 5039 1.
2353 4968 2481 5033 Ian.

1358 5157 1695 5244 Eidem.

841 5313 1006 5417 Epist.
1041 5340 1136 5399 lib.
1165 5338 1264 5397 lV.
1299 5357 1352 5412 p.
1387 5336 1481 5394 16⁷
1511 5353 1593 5406 sq.

1138 5494 1366 5572 Vilo
1414 5484 1928 5565 Theodoro.

530 5626 1095 5738 Εὐφημότερον
1127 5625 1348 5724 οὐδέν
1387 5626 1588 5702 ἔστιν
1619 5618 1971 5715 εὐσεβοῦς
2003 5609 2251 5711 φίλου.
2354 5607 2517 5682 Uti-

535 5769 707 5818 nam
737 5742 958 5834 igitur
999 5736 1092 5806 sit
1131 5756 1358 5810 omen.
1380 5729 1590 5812 felix,
1652 5723 1846 5817 quod
1892 5716 2106 5789 hodie
2152 5714 2264 5785 bis
2308 5714 2396 5781 ad
2448 5728 2516 5785 te

537 5847 811 5930 scribo,
875 5862 1006 5910 nec
1047 5834 1195 5906 ulla
1243 5836 1320 5902 in
1365 5856 1440 5902 re
1481 5826 1823 5929 libentius
1852 5841 2140 5913 operam
2166 5838 2397 5909 pono,
2450 5830 2518 5886 et

4308 1764 4327 1782 Ο

4045 1781 4400 1820 0000000

2586 2005 2773 2096 quod
2821 2000 3067 2069 eodem
3114 1997 3228 2066 die
3276 2009 3429 2066 tuas
3461 1996 3702 2065 literas
3731 1994 3963 2086 accepi
3994 1998 4082 2064 de
4107 1991 4563 2092 Hieronymo

2602 2095 2935 2191 VVoIfiO,
3013 2119 3186 2192 quas
3242 2097 3552 2187 primum
3608 2096 3810 2164 reddi
3863 2095 4174 2170 voluisti.
4286 2095 4562 2170 Eodem

2586 2204 2702 2274 die
2747 2201 3115 2271 nobiscum
3158 2198 3295 2269 fuit
3329 2193 3649 2265 Iacobus
3675 2187 4078 2266 Lemonius
4103 2191 4431 2285 Rhetus,
4483 2200 4566 2269 id

2590 2320 2690 2373 est
2720 2301 3123 2384 Curiensis‚
3186 2298 3555 2378 Medicus,
3616 2298 3726 2365 vir
3755 2300 4003 2366 doctus
4039 2311 4108 2367 et
4139 2323 4286 2369 non
4331 2303 4566 2371 solum

2586 2398 3111 2495 Philosophiae,
3166 2402 3284 2470 sed
3319 2395 3527 2468 etiam
3546 2394 3885 2468 Coelestis
3914 2400 4275 2469 doctrinae
4301 2424 4568 2486 amans,

2588 2507 2713 2598 qui
2751 2505 3124 2575 comitatus
3165 2500 3300 2571 fuit
3331 2498 3602 2569 Ducem
3637 2496 4143 2586 saxonicarum
4177 2502 4570 2592 copiarum,

2587 2607 2702 2676 cui
2733 2629 2993 2676 nomen
3029 2615 3132 2674 est
3160 2625 3212 2670 a
3246 2594 3447 2691 Isser
3480 2599 3556 2667 in
3586 2596 4013 2672 Pannonias.
4119 2599 4190 2671 ls
4220 2604 4385 2696 quia
4412 2601 4570 2672 No-

2585 2707 2906 2795 ribergae
2955 2707 3198 2774 doctos
3241 2700 3457 2804 Viros
3503 2700 3808 2770 salutare
3861 2701 4224 2791 cupiebat,
4295 2704 4572 2795 petivit,

2587 2818 2670 2877 ut
2715 2829 2788 2874 se
2829 2806 2960 2875 tibi
3009 2804 3600 2874 commendarem.
3722 2800 3912 2885 Scis,
3968 2802 4070 2870 mi
4122 2798 4204 2877 V
4201 2802 4334 2884 ite,
4397 2799 4572 2885 τοὺς

2588 2901 2852 3001 φίλους
2876 2898 3197 2995 μάλιστα
3227 2906 3384 2975 τῶν
3417 2895 3660 2995 φίλων
3689 2896 3988 2981 κοινοὺς
4017 2897 4226 2976 εἶναι.
4330 2902 4570 2993 Quare

2588 3021 2659 3078 te
2702 3030 2911 3096 rogo,
2976 3018 3060 3077 ut
3092 3003 3350 3073 Virum
3394 3002 3801 3070 doctum.et
3841 2998 4222 3074 honestum
4262 3004 4574 3096 comple-

2591 3107 2834 3186 ctaris»,
2884 3107 3070 3174 addo
3105 3105 3314 3173 etiam
3347 3100 3737 3171 Medicum.
3838 3097 4017 3170 Nam
4055 3103 4116 3171 is
4146 3106 4325 3174 ordo
4363 3105 4576 3175 nobis

2592 3222 2876 3298 propter
2903 3198 3437 3295 Philosophiam
3470 3224 3747 3291 semper
3772 3202 4387 3275 coniunctissimus
4415 3206 4576 3276 fuit.

2587 3307 2785 3379 Bene
2816 3306 2994 3377 vale.
3096 3304 3248 3380 Cal.
3282 3301 3564 3373 Ianuar.

3601 3412 3983 3512 Philippus
4023 3419 4476 3520 Melanthon.

2615 3647 2891 3661 ’.ιο-...αο-
2904 3646 3129 3656 ——-.—-—---
3142 3644 3473 3654 -—----——.-—--
3492 3642 4067 3654 --——————-—-—-—-..-——..-..

2594 3784 2729 3858 No.
2760 3779 2990 3856 2614.

2887 3955 3354 4069 Praefatio
3406 3964 3497 4043 in
3547 3955 3892 4068 Stifelii
3944 3963 4288 4051 arithm.

2734 4146 2812 4201 Ex
2853 4144 3037 4199 libro=
3095 4139 3452 4222 Arithmetica
3486 4139 3714 4212 integra.
3787 4141 4029 4196 Auctore
4061 4138 4333 4195 M'chaele
4368 4140 4588 4212 Stiselio

2805 4214 3052 4281 (Pastore
3081 4211 3338 4267 ecclesiae
3368 4208 3842 4274 Holtzdorfianae).
3917 4210 4057 4263 Cum
4090 4208 4426 4279 praefatione
4457 4211 4587 4265 Phi-

2806 4281 2938 4354 lippi
2969 4277 3425 4335 Melanchthonis.
3496 4275 3886 4348 Norimbergae
3916 4275 4071 4330 1543.
4106 4279 4157 4328 4.

4335 3797 4367 3856 1
4379 3837 4394 3851 .
4429 3787 4556 3854 Ian.

4303 3878 4581 3906 Μ

2688 4446 2707 4454 “
2774 4430 3298 4531 Philippus
3352 4424 3935 4566 Ilqelanlhon
3987 4426 4288 4503 Lectori
4336 4432 4417 4506 S.

2557 4570 2558 4573 '
2598 4550 2821 4651 Non,
2871 4566 3052 4639 mihi
3096 4570 3156 4640 si
3184 4567 3470 4658 linguae
3505 4578 3784 4637 centum
3816 4567 3962 4638 sint
3994 4594 4252 4662 oraque
4286 4587 4591 4659 centum,

2603 4695 3017 4743 enumerare
3047 4694 3357 4761 possem,
3421 4692 3635 4761 quam
3664 4668 3912 4738 multis
3948 4670 4024 4760 in
4054 4671 4262 4740 rebus
4303 4697 4469 4744 usus
4500 4675 4593 4746 sit

2603 4797 3089 4846 numerorum.
3187 4767 3284 4840 Et
3321 4770 3417 4839 ita
3463 4783 3631 4839 sunt
3674 4769 3751 4837 in
3797 4784 4172 4862 conspectu
4218 4786 4426 4865 atque
4457 4776 4592 4845 ob-
4698 4843 4719 4863 ,

2549 4927 2560 4937 „
2605 4878 2762 4945 viae
2808 4874 3151 4945 utilitates
3195 4895 3344 4941 non
3391 4871 3620 4939 solum
3668 4894 4127 4942 numerorum
4194 4875 4314 4941 sed
4380 4874 4592 4946 etiam

2607 4977 2812 5061 artis»,
2879 4998 3058 5067 quae
3101 4974 3347 5063 longas
3392 4986 3463 5043 et
3507 4969 3877 5041 intricatas
3921 4972 4232 5043 rationes
4279 4973 4593 5046 mirabili

2553 5096 2557 5163 f
2608 5076 3018 5149 dexteritate
3047 5074 3377 5145 subducit
3408 5084 3475 5141 et
3501 5071 3817 5163 explicat,
3849 5085 3930 5142 ut
3955 5074 4309 5142 neminem
4339 5100 4593 5168 quam-

2608 5180 2786 5249 libet
2815 5171 3141 5246 hebetem
3181 5198 3328 5244 esse
3370 5172 3801 5257 existimem,
3871 5174 3996 5265 qui
4040 5197 4188 5243 non
4234 5188 4303 5247 et
4341 5201 4595 5249 nume-

2609 5304 2727 5350 ros
2754 5278 3053 5357 miretur
3080 5291 3152 5348 et
3179 5277 3266 5345 de
3295 5287 3441 5344 arte
3469 5274 3616 5364 ipsa
3646 5273 3999 5364 praeclare
4027 5275 4302 5346 sentiat.
4352 5275 4595 5366 Quare

2613 5382 2672 5451 si
2718 5379 3071 5472 prolixum
3117 5375 3515 5446 encomium
3546 5375 3634 5443 de
3664 5368 3776 5443 his
3811 5374 4234 5446 utilitatibus
4269 5378 4595 5451 institue-

2611 5505 2796 5566 rem,
2832 5478 3156 5570 'perinde
3186 5478 3486 5546 facerem
3530 5487 3611 5546 ut
3628 5471 3682 5569 ¹)
3719 5476 3777 5544 si
3808 5480 4296 5563 accenderem,
4347 5504 4597 5599 quem-

2614 5583 2997 5654 admodum
3022 5578 3278 5650 Graeci
3303 5577 3573 5662 dicunt,
3619 5575 3701 5649 ἐν
3720 5582 3814 5670 ‘cf
3837 5574 4266 5673 μεσμηβρίᾳ
4294 5584 4589 5672 λυχνον.

2863 5749 3026 5758 --.—-—-

2688 5841 2745 5907 1)
2780 5836 2885 5891 aa?

2949 5900 3059 5976 1·
