<?xml version="1.0" encoding="UTF-8"?>
<!DOCTYPE html PUBLIC "-//W3C//DTD XHTML 1.0 Transitional//EN"
    "http://www.w3.org/TR/xhtml1/DTD/xhtml1-transitional.dtd">
<html xmlns="http://www.w3.org/1999/xhtml" xml:lang="en" lang="en">
 <head>
  <title>
</title>
<meta http-equiv="Content-Type" content="text/html;charset=utf-8" />
  <meta name='ocr-system' content='tesseract 3.04.00' />
  <meta name='ocr-capabilities' content='ocr_page ocr_carea ocr_par ocr_line ocrx_word'/>
</head>
<body>
  <div class='ocr_page' id='page_1' title='image "./philippimelanth10melagoog_0395.png"; bbox 0 0 5325 6917; ppageno 0'>
   <div class='ocr_carea' id='block_1_1' title="bbox 595 657 4738 761">
    <p class='ocr_par' dir='ltr' id='par_1_1' title="bbox 595 657 4738 761">
     <span class='ocr_line' id='line_1_1' title="bbox 595 657 4738 761; baseline -0.006 -3"><span class='ocrx_word' id='word_1_1' title='bbox 595 683 746 761; x_wconf 85' lang='lat'><strong>755</strong></span> <span class='ocrx_word' id='word_1_2' title='bbox 1764 667 2635 751; x_wconf 84' lang='lat' dir='ltr'><strong>EPISTOLARUM</strong></span> <span class='ocrx_word' id='word_1_3' title='bbox 2737 668 2952 749; x_wconf 90' lang='lat' dir='ltr'><strong>LIB.</strong></span> <span class='ocrx_word' id='word_1_4' title='bbox 3017 668 3148 747; x_wconf 77' lang='lat' dir='ltr'><strong>lx,</strong></span> <span class='ocrx_word' id='word_1_5' title='bbox 3255 666 3521 747; x_wconf 78' lang='lat'><strong>1645.</strong></span> <span class='ocrx_word' id='word_1_6' title='bbox 4585 657 4738 732; x_wconf 73' lang='lat'><strong>‘156</strong></span> 
     </span>
    </p>
   </div>
   <div class='ocr_carea' id='block_1_2' title="bbox 606 824 4750 2258">
    <p class='ocr_par' dir='ltr' id='par_1_2' title="bbox 606 824 4750 2258">
     <span class='ocr_line' id='line_1_2' title="bbox 606 824 4750 946; baseline -0.006 -19"><span class='ocrx_word' id='word_1_7' title='bbox 606 843 931 927; x_wconf 86' lang='lat' dir='ltr'><strong>Clariss.</strong></span> <span class='ocrx_word' id='word_1_8' title='bbox 995 845 1187 923; x_wconf 88' lang='lat' dir='ltr'><strong>Viro</strong></span> <span class='ocrx_word' id='word_1_9' title='bbox 1236 842 1688 919; x_wconf 82' lang='lat' dir='ltr'><strong>Eruditione</strong></span> <span class='ocrx_word' id='word_1_10' title='bbox 1752 854 1817 917; x_wconf 95' lang='lat' dir='ltr'><strong>et</strong></span> <span class='ocrx_word' id='word_1_11' title='bbox 1870 846 2129 916; x_wconf 80' lang='lat' dir='ltr'><strong>virtute</strong></span> <span class='ocrx_word' id='word_1_12' title='bbox 2176 840 2601 946; x_wconf 71' lang='lat' dir='ltr'><em>praestanti</em></span> <span class='ocrx_word' id='word_1_13' title='bbox 2706 856 2967 939; x_wconf 86' lang='lat' dir='ltr'><strong>quente</strong></span> <span class='ocrx_word' id='word_1_14' title='bbox 3001 837 3282 927; x_wconf 88' lang='lat' dir='ltr'><strong>habita,</strong></span> <span class='ocrx_word' id='word_1_15' title='bbox 3333 839 3646 912; x_wconf 84' lang='lat' dir='ltr'><strong>ostendit</strong></span> <span class='ocrx_word' id='word_1_16' title='bbox 3672 836 4176 930; x_wconf 79' lang='lat' dir='ltr'><strong>Imperatorem</strong></span> <span class='ocrx_word' id='word_1_17' title='bbox 4193 824 4604 907; x_wconf 74' lang='lat' dir='ltr'><strong>Car-olum</strong></span> <span class='ocrx_word' id='word_1_18' title='bbox 4636 854 4750 902; x_wconf 87' lang='lat' dir='ltr'><strong>se·—</strong></span> 
     </span>
     <span class='ocr_line' id='line_1_3' title="bbox 623 936 4748 1053; baseline -0.007 -24"><span class='ocrx_word' id='word_1_19' title='bbox 623 953 804 1031; x_wconf 73' lang='lat' dir='ltr'><strong>VVo</strong></span> <span class='ocrx_word' id='word_1_20' title='bbox 822 952 856 1024; x_wconf 89' lang='lat' dir='ltr'><em>l</em></span> <span class='ocrx_word' id='word_1_21' title='bbox 858 952 929 1053; x_wconf 89' lang='lat' dir='ltr'><em>f</em></span> <span class='ocrx_word' id='word_1_22' title='bbox 928 978 1110 1047; x_wconf 81' lang='lat' dir='ltr'><strong>gan</strong></span> <span class='ocrx_word' id='word_1_23' title='bbox 1123 977 1239 1048; x_wconf 80' lang='lat' dir='ltr'><strong>go</strong></span> <span class='ocrx_word' id='word_1_24' title='bbox 1266 947 1385 1023; x_wconf 88' lang='lat' dir='ltr'><strong>M</strong></span> <span class='ocrx_word' id='word_1_25' title='bbox 1394 946 1670 1020; x_wconf 85' lang='lat' dir='ltr'><strong>uscul</strong></span> <span class='ocrx_word' id='word_1_26' title='bbox 1683 974 1763 1035; x_wconf 91' lang='lat' dir='ltr'><strong>o,</strong></span> <span class='ocrx_word' id='word_1_27' title='bbox 1810 945 2186 1048; x_wconf 80' lang='lat' dir='ltr'><em>Episcopo</em></span> <span class='ocrx_word' id='word_1_28' title='bbox 2216 943 2599 1017; x_wconf 79' lang='lat' dir='ltr'><strong>Ecclesiae</strong></span> <span class='ocrx_word' id='word_1_29' title='bbox 2707 960 3037 1016; x_wconf 85' lang='lat' dir='ltr'><strong>cuturum</strong></span> <span class='ocrx_word' id='word_1_30' title='bbox 3086 968 3230 1013; x_wconf 89' lang='lat' dir='ltr'><strong>esse</strong></span> <span class='ocrx_word' id='word_1_31' title='bbox 3279 942 3555 1037; x_wconf 88' lang='lat' dir='ltr'><strong>Synodi</strong></span> <span class='ocrx_word' id='word_1_32' title='bbox 3602 942 4064 1026; x_wconf 87' lang='lat' dir='ltr'><strong>sententiam,</strong></span> <span class='ocrx_word' id='word_1_33' title='bbox 4113 962 4433 1031; x_wconf 89' lang='lat' dir='ltr'><strong>eamque</strong></span> <span class='ocrx_word' id='word_1_34' title='bbox 4484 936 4748 1004; x_wconf 82' lang='lat' dir='ltr'><strong>defen-</strong></span> 
     </span>
     <span class='ocr_line' id='line_1_4' title="bbox 608 1030 4750 1153; baseline -0.006 -26"><span class='ocrx_word' id='word_1_35' title='bbox 608 1054 1134 1152; x_wconf 81' lang='lat' dir='ltr'><strong>Augustanae,</strong></span> <span class='ocrx_word' id='word_1_36' title='bbox 1182 1054 1311 1153; x_wconf 86' lang='lat' dir='ltr'><strong>pio</strong></span> <span class='ocrx_word' id='word_1_37' title='bbox 1361 1060 1425 1123; x_wconf 90' lang='lat' dir='ltr'><strong>et</strong></span> <span class='ocrx_word' id='word_1_38' title='bbox 1456 1046 1689 1145; x_wconf 84' lang='lat' dir='ltr'><strong>fideli</strong></span> <span class='ocrx_word' id='word_1_39' title='bbox 1730 1050 1969 1120; x_wconf 87' lang='lat' dir='ltr'><strong>amico</strong></span> <span class='ocrx_word' id='word_1_40' title='bbox 2009 1075 2145 1121; x_wconf 89' lang='lat' dir='ltr'><strong>suo</strong></span> <span class='ocrx_word' id='word_1_41' title='bbox 2191 1047 2601 1121; x_wconf 84' lang='lat' dir='ltr'><strong>carissima.</strong></span> <span class='ocrx_word' id='word_1_42' title='bbox 2706 1071 2978 1119; x_wconf 86' lang='lat' dir='ltr'><strong>surum.</strong></span> <span class='ocrx_word' id='word_1_43' title='bbox 3094 1043 3332 1115; x_wconf 91' lang='lat' dir='ltr'><strong>Huius</strong></span> <span class='ocrx_word' id='word_1_44' title='bbox 3391 1044 3783 1114; x_wconf 87' lang='lat' dir='ltr'><strong>orationem</strong></span> <span class='ocrx_word' id='word_1_45' title='bbox 3841 1057 3909 1114; x_wconf 92' lang='lat' dir='ltr'><strong>et</strong></span> <span class='ocrx_word' id='word_1_46' title='bbox 3953 1041 4172 1133; x_wconf 88' lang='lat' dir='ltr'><strong>Regis</strong></span> <span class='ocrx_word' id='word_1_47' title='bbox 4219 1030 4750 1111; x_wconf 82' lang='lat' dir='ltr'><strong>Ferdinandi</strong></span> 
     </span>
     <span class='ocr_line' id='line_1_5' title="bbox 2709 1141 4742 1239; baseline -0.004 -22"><span class='ocrx_word' id='word_1_48' title='bbox 2709 1150 2978 1239; x_wconf 84' lang='lat' dir='ltr'><strong>legatus</strong></span> <span class='ocrx_word' id='word_1_49' title='bbox 3019 1150 3431 1218; x_wconf 89' lang='lat' dir='ltr'><strong>subsecutus</strong></span> <span class='ocrx_word' id='word_1_50' title='bbox 3464 1159 3588 1216; x_wconf 88' lang='lat' dir='ltr'><strong>est.</strong></span> <span class='ocrx_word' id='word_1_51' title='bbox 3699 1141 3855 1214; x_wconf 84' lang='lat' dir='ltr'><strong>Etsi</strong></span> <span class='ocrx_word' id='word_1_52' title='bbox 3901 1146 4105 1215; x_wconf 87' lang='lat' dir='ltr'><strong>initia</strong></span> <span class='ocrx_word' id='word_1_53' title='bbox 4153 1143 4457 1237; x_wconf 90' lang='lat' dir='ltr'><strong>aliquid</strong></span> <span class='ocrx_word' id='word_1_54' title='bbox 4490 1141 4742 1231; x_wconf 85' lang='lat' dir='ltr'><strong>magni</strong></span> 
     </span>
     <span class='ocr_line' id='line_1_6' title="bbox 2710 1243 4739 1344; baseline -0.003 -24"><span class='ocrx_word' id='word_1_55' title='bbox 2710 1252 3180 1344; x_wconf 84' lang='lat' dir='ltr'><strong>pollicentur,</strong></span> <span class='ocrx_word' id='word_1_56' title='bbox 3245 1262 3482 1318; x_wconf 89' lang='lat' dir='ltr'><strong>tamen</strong></span> <span class='ocrx_word' id='word_1_57' title='bbox 3526 1249 3848 1318; x_wconf 88' lang='lat' dir='ltr'><strong>nondum</strong></span> <span class='ocrx_word' id='word_1_58' title='bbox 3888 1260 4058 1339; x_wconf 89' lang='lat' dir='ltr'><strong>puto</strong></span> <span class='ocrx_word' id='word_1_59' title='bbox 4092 1247 4506 1340; x_wconf 89' lang='lat' dir='ltr'><strong>quicquam</strong></span> <span class='ocrx_word' id='word_1_60' title='bbox 4554 1243 4739 1313; x_wconf 88' lang='lat' dir='ltr'><strong>serio</strong></span> 
     </span>
     <span class='ocr_line' id='line_1_7' title="bbox 2714 1345 4737 1459; baseline -0.003 -35"><span class='ocrx_word' id='word_1_61' title='bbox 2714 1376 2916 1444; x_wconf 84' lang='lat' dir='ltr'><strong>agere</strong></span> <span class='ocrx_word' id='word_1_62' title='bbox 2957 1347 3135 1432; x_wconf 83' lang='grc' dir='ltr'><strong>τούς</strong></span> <span class='ocrx_word' id='word_1_63' title='bbox 3184 1345 3583 1459; x_wconf 56' lang='grc' dir='ltr'><strong>ἀρχιερέας.</strong></span> <span class='ocrx_word' id='word_1_64' title='bbox 3703 1347 3849 1418; x_wconf 85' lang='grc' dir='ltr'><strong>Νεε</strong></span> <span class='ocrx_word' id='word_1_65' title='bbox 3898 1363 4132 1419; x_wconf 85' lang='lat' dir='ltr'><strong>tamen</strong></span> <span class='ocrx_word' id='word_1_66' title='bbox 4181 1348 4493 1417; x_wconf 81' lang='lat' dir='ltr'><strong>animus</strong></span> <span class='ocrx_word' id='word_1_67' title='bbox 4538 1369 4737 1417; x_wconf 86' lang='lat' dir='ltr'><strong>meus</strong></span> 
     </span>
     <span class='ocr_line' id='line_1_8' title="bbox 2717 1446 4734 1547; baseline -0.004 -22"><span class='ocrx_word' id='word_1_68' title='bbox 2717 1478 3001 1547; x_wconf 88' lang='lat' dir='ltr'><strong>prorsus</strong></span> <span class='ocrx_word' id='word_1_69' title='bbox 3021 1478 3187 1524; x_wconf 88' lang='lat' dir='ltr'><strong>cura</strong></span> <span class='ocrx_word' id='word_1_70' title='bbox 3219 1453 3402 1522; x_wconf 89' lang='lat' dir='ltr'><strong>liber</strong></span> <span class='ocrx_word' id='word_1_71' title='bbox 3420 1466 3542 1521; x_wconf 89' lang='lat' dir='ltr'><strong>est.</strong></span> <span class='ocrx_word' id='word_1_72' title='bbox 3588 1450 3858 1520; x_wconf 82' lang='lat' dir='ltr'><strong>Verum</strong></span> <span class='ocrx_word' id='word_1_73' title='bbox 3891 1451 4187 1520; x_wconf 89' lang='lat' dir='ltr'><strong>memini</strong></span> <span class='ocrx_word' id='word_1_74' title='bbox 4218 1446 4425 1519; x_wconf 89' lang='lat' dir='ltr'><strong>hanc</strong></span> <span class='ocrx_word' id='word_1_75' title='bbox 4456 1472 4734 1534; x_wconf 87' lang='lat' dir='ltr'><strong>vocem,</strong></span> 
     </span>
     <span class='ocr_line' id='line_1_9' title="bbox 2716 1548 4733 1647; baseline -0.003 -21"><span class='ocrx_word' id='word_1_76' title='bbox 2716 1580 2946 1647; x_wconf 86' lang='lat' dir='ltr'><strong>nuper</strong></span> <span class='ocrx_word' id='word_1_77' title='bbox 2993 1580 3032 1625; x_wconf 94' lang='lat' dir='ltr'><strong>a</strong></span> <span class='ocrx_word' id='word_1_78' title='bbox 3078 1568 3146 1625; x_wconf 89' lang='lat' dir='ltr'><strong>te</strong></span> <span class='ocrx_word' id='word_1_79' title='bbox 3193 1578 3477 1647; x_wconf 91' lang='lat' dir='ltr'><strong>quoque</strong></span> <span class='ocrx_word' id='word_1_80' title='bbox 3522 1548 3699 1622; x_wconf 90' lang='lat' dir='ltr'><strong>mihi</strong></span> <span class='ocrx_word' id='word_1_81' title='bbox 3752 1554 4152 1637; x_wconf 73' lang='lat' dir='ltr'><strong>recitatam,</strong></span> <span class='ocrx_word' id='word_1_82' title='bbox 4222 1551 4425 1622; x_wconf 87' lang='lat' dir='ltr'><strong>lacta</strong></span> <span class='ocrx_word' id='word_1_83' title='bbox 4484 1575 4733 1622; x_wconf 87' lang='lat' dir='ltr'><strong>curam</strong></span> 
     </span>
     <span class='ocr_line' id='line_1_10' title="bbox 2717 1653 4731 1739; baseline -0.003 -10"><span class='ocrx_word' id='word_1_84' title='bbox 2717 1672 2914 1729; x_wconf 88' lang='lat' dir='ltr'><strong>tuam</strong></span> <span class='ocrx_word' id='word_1_85' title='bbox 2945 1657 3021 1726; x_wconf 91' lang='lat' dir='ltr'><strong>in</strong></span> <span class='ocrx_word' id='word_1_86' title='bbox 3036 1654 3295 1728; x_wconf 90' lang='lat' dir='ltr'><strong>Deum.</strong></span> <span class='ocrx_word' id='word_1_87' title='bbox 3360 1653 3458 1725; x_wconf 90' lang='lat' dir='ltr'><strong>Et</strong></span> <span class='ocrx_word' id='word_1_88' title='bbox 3486 1678 3568 1724; x_wconf 85' lang='lat' dir='ltr'><strong>ex</strong></span> <span class='ocrx_word' id='word_1_89' title='bbox 3594 1655 3738 1725; x_wconf 90' lang='lat' dir='ltr'><strong>tuis</strong></span> <span class='ocrx_word' id='word_1_90' title='bbox 3770 1655 4050 1739; x_wconf 87' lang='lat' dir='ltr'><strong>litteris,</strong></span> <span class='ocrx_word' id='word_1_91' title='bbox 4100 1668 4169 1725; x_wconf 92' lang='lat' dir='ltr'><strong>et</strong></span> <span class='ocrx_word' id='word_1_92' title='bbox 4200 1678 4290 1723; x_wconf 83' lang='lat' dir='ltr'><strong>ex</strong></span> <span class='ocrx_word' id='word_1_93' title='bbox 4322 1654 4731 1723; x_wconf 89' lang='lat' dir='ltr'><strong>amicorum</strong></span> 
     </span>
     <span class='ocr_line' id='line_1_11' title="bbox 2718 1752 4734 1849; baseline -0.002 -20"><span class='ocrx_word' id='word_1_94' title='bbox 2718 1759 3127 1830; x_wconf 80' lang='lat' dir='ltr'><strong>narratione</strong></span> <span class='ocrx_word' id='word_1_95' title='bbox 3184 1757 3505 1846; x_wconf 80' lang='lat' dir='ltr'><strong>intelligo</strong></span> <span class='ocrx_word' id='word_1_96' title='bbox 3566 1752 3933 1827; x_wconf 85' lang='lat' dir='ltr'><strong>honestam</strong></span> <span class='ocrx_word' id='word_1_97' title='bbox 3980 1770 4050 1827; x_wconf 89' lang='lat' dir='ltr'><strong>et</strong></span> <span class='ocrx_word' id='word_1_98' title='bbox 4096 1756 4467 1849; x_wconf 87' lang='lat' dir='ltr'><strong>placidam</strong></span> <span class='ocrx_word' id='word_1_99' title='bbox 4506 1755 4734 1826; x_wconf 83' lang='lat' dir='ltr'><strong>fuisse</strong></span> 
     </span>
     <span class='ocr_line' id='line_1_12' title="bbox 2719 1852 4734 1953; baseline -0.002 -21"><span class='ocrx_word' id='word_1_100' title='bbox 2719 1855 3214 1953; x_wconf 83' lang='lat' dir='ltr'><strong>catastrophen</strong></span> <span class='ocrx_word' id='word_1_101' title='bbox 3243 1872 3637 1930; x_wconf 83' lang='lat' dir='ltr'><strong>vestrarum</strong></span> <span class='ocrx_word' id='word_1_102' title='bbox 3671 1859 4248 1943; x_wconf 87' lang='lat' dir='ltr'><strong>contentionum,</strong></span> <span class='ocrx_word' id='word_1_103' title='bbox 4290 1859 4379 1927; x_wconf 90' lang='lat' dir='ltr'><strong>in</strong></span> <span class='ocrx_word' id='word_1_104' title='bbox 4413 1882 4566 1952; x_wconf 85' lang='lat' dir='ltr'><strong>qua</strong></span> <span class='ocrx_word' id='word_1_105' title='bbox 4593 1852 4734 1928; x_wconf 86' lang='lat' dir='ltr'><strong>hoc</strong></span> 
     </span>
     <span class='ocr_line' id='line_1_13' title="bbox 2720 1959 4731 2054; baseline -0.001 -22"><span class='ocrx_word' id='word_1_106' title='bbox 2720 1959 2901 2033; x_wconf 89' lang='lat' dir='ltr'><strong>mihi</strong></span> <span class='ocrx_word' id='word_1_107' title='bbox 2977 1964 3265 2034; x_wconf 85' lang='lat' dir='ltr'><strong>videtur</strong></span> <span class='ocrx_word' id='word_1_108' title='bbox 3349 1975 3499 2031; x_wconf 85' lang='lat' dir='ltr'><strong>n‘on</strong></span> <span class='ocrx_word' id='word_1_109' title='bbox 3569 1962 4168 2032; x_wconf 89' lang='lat' dir='ltr'><strong>contemnendum</strong></span> <span class='ocrx_word' id='word_1_110' title='bbox 4253 1984 4448 2045; x_wconf 86' lang='lat' dir='ltr'><strong>esse,</strong></span> <span class='ocrx_word' id='word_1_111' title='bbox 4539 1960 4731 2054; x_wconf 86' lang='lat' dir='ltr'><strong>quod</strong></span> 
     </span>
     <span class='ocr_line' id='line_1_14' title="bbox 2720 2058 4734 2158; baseline -0.001 -24"><span class='ocrx_word' id='word_1_112' title='bbox 2720 2065 3074 2158; x_wconf 85' lang='lat' dir='ltr'><strong>Principis</strong></span> <span class='ocrx_word' id='word_1_113' title='bbox 3124 2066 3454 2135; x_wconf 83' lang='lat' dir='ltr'><strong>voluntas</strong></span> <span class='ocrx_word' id='word_1_114' title='bbox 3502 2064 3974 2157; x_wconf 81' lang='lat' dir='ltr'><strong>conspicitur,</strong></span> <span class='ocrx_word' id='word_1_115' title='bbox 4041 2086 4204 2154; x_wconf 87' lang='lat' dir='ltr'><strong>erga</strong></span> <span class='ocrx_word' id='word_1_116' title='bbox 4260 2058 4734 2133; x_wconf 79' lang='lat' dir='ltr'><strong>Academiam</strong></span> 
     </span>
     <span class='ocr_line' id='line_1_15' title="bbox 2720 2190 3015 2258; baseline 0.003 -22"><span class='ocrx_word' id='word_1_117' title='bbox 2720 2190 3015 2258; x_wconf 73' lang='lat' dir='ltr'><strong>egregia.</strong></span> 
     </span>
    </p>
   </div>
   <div class='ocr_carea' id='block_1_3' title="bbox 608 1184 2618 2617">
    <p class='ocr_par' dir='ltr' id='par_1_3' title="bbox 608 1184 2618 2617">
     <span class='ocr_line' id='line_1_16' title="bbox 608 1184 2605 1277; baseline -0.007 -1"><span class='ocrx_word' id='word_1_118' title='bbox 608 1184 703 1276; x_wconf 84' lang='lat' dir='ltr'><strong>S.</strong></span> <span class='ocrx_word' id='word_1_119' title='bbox 750 1199 842 1277; x_wconf 87' lang='lat' dir='ltr'><strong>D.</strong></span> <span class='ocrx_word' id='word_1_120' title='bbox 941 1200 1176 1272; x_wconf 89' lang='lat' dir='ltr'><strong>Deum</strong></span> <span class='ocrx_word' id='word_1_121' title='bbox 1204 1215 1528 1272; x_wconf 89' lang='lat' dir='ltr'><strong>eternum</strong></span> <span class='ocrx_word' id='word_1_122' title='bbox 1554 1196 1839 1268; x_wconf 90' lang='lat' dir='ltr'><strong>Patrem</strong></span> <span class='ocrx_word' id='word_1_123' title='bbox 1871 1195 2170 1268; x_wconf 90' lang='lat' dir='ltr'><strong>Domini</strong></span> <span class='ocrx_word' id='word_1_124' title='bbox 2197 1195 2356 1267; x_wconf 91' lang='lat' dir='ltr'><strong>Iesu</strong></span> <span class='ocrx_word' id='word_1_125' title='bbox 2389 1190 2605 1266; x_wconf 88' lang='lat' dir='ltr'><strong>Chri-</strong></span> 
     </span>
     <span class='ocr_line' id='line_1_17' title="bbox 616 1296 2610 1392; baseline -0.005 -17"><span class='ocrx_word' id='word_1_126' title='bbox 616 1307 708 1377; x_wconf 88' lang='lat' dir='ltr'><strong>sti</strong></span> <span class='ocrx_word' id='word_1_127' title='bbox 736 1329 904 1385; x_wconf 89' lang='lat' dir='ltr'><strong>oro,</strong></span> <span class='ocrx_word' id='word_1_128' title='bbox 974 1318 1056 1373; x_wconf 90' lang='lat' dir='ltr'><strong>ut</strong></span> <span class='ocrx_word' id='word_1_129' title='bbox 1100 1314 1332 1373; x_wconf 88' lang='lat' dir='ltr'><strong>servet</strong></span> <span class='ocrx_word' id='word_1_130' title='bbox 1390 1296 1585 1370; x_wconf 91' lang='lat' dir='ltr'><strong>hunc</strong></span> <span class='ocrx_word' id='word_1_131' title='bbox 1633 1297 2153 1392; x_wconf 85' lang='lat' dir='ltr'><strong>Henzelium²)</strong></span> <span class='ocrx_word' id='word_1_132' title='bbox 2216 1300 2441 1370; x_wconf 86' lang='lat' dir='ltr'><strong>civem</strong></span> <span class='ocrx_word' id='word_1_133' title='bbox 2483 1320 2610 1367; x_wconf 79' lang='lat' dir='ltr'><strong>ve-</strong></span> 
     </span>
     <span class='ocr_line' id='line_1_18' title="bbox 619 1404 2609 1499; baseline -0.006 -20"><span class='ocrx_word' id='word_1_134' title='bbox 619 1422 883 1491; x_wconf 87' lang='lat' dir='ltr'><strong>strum,</strong></span> <span class='ocrx_word' id='word_1_135' title='bbox 934 1429 1144 1499; x_wconf 91' lang='lat' dir='ltr'><strong>quem</strong></span> <span class='ocrx_word' id='word_1_136' title='bbox 1176 1426 1379 1496; x_wconf 88' lang='lat' dir='ltr'><strong>spero</strong></span> <span class='ocrx_word' id='word_1_137' title='bbox 1426 1424 1682 1490; x_wconf 85' lang='lat' dir='ltr'><strong>magno</strong></span> <span class='ocrx_word' id='word_1_138' title='bbox 1726 1404 1886 1472; x_wconf 88' lang='lat' dir='ltr'><strong>usui</strong></span> <span class='ocrx_word' id='word_1_139' title='bbox 1925 1416 1994 1472; x_wconf 90' lang='lat' dir='ltr'><strong>et</strong></span> <span class='ocrx_word' id='word_1_140' title='bbox 2027 1412 2445 1472; x_wconf 86' lang='lat' dir='ltr'><strong>ornamento</strong></span> <span class='ocrx_word' id='word_1_141' title='bbox 2481 1421 2609 1491; x_wconf 90' lang='lat' dir='ltr'><strong>pa-</strong></span> 
     </span>
     <span class='ocr_line' id='line_1_19' title="bbox 621 1498 2610 1580; baseline -0.006 0"><span class='ocrx_word' id='word_1_142' title='bbox 621 1510 798 1580; x_wconf 90' lang='lat' dir='ltr'><strong>triae</strong></span> <span class='ocrx_word' id='word_1_143' title='bbox 843 1510 1163 1580; x_wconf 82' lang='lat' dir='ltr'><strong>futurum</strong></span> <span class='ocrx_word' id='word_1_144' title='bbox 1224 1527 1392 1577; x_wconf 88' lang='lat' dir='ltr'><strong>esse.</strong></span> <span class='ocrx_word' id='word_1_145' title='bbox 1508 1502 1910 1574; x_wconf 82' lang='lat' dir='ltr'><strong>Meministi</strong></span> <span class='ocrx_word' id='word_1_146' title='bbox 1956 1502 2256 1573; x_wconf 87' lang='lat' dir='ltr'><strong>Psalmi:</strong></span> <span class='ocrx_word' id='word_1_147' title='bbox 2323 1498 2610 1571; x_wconf 80' lang='lat' dir='ltr'><strong>Beatus</strong></span> 
     </span>
     <span class='ocr_line' id='line_1_20' title="bbox 627 1595 2612 1707; baseline -0.005 -28"><span class='ocrx_word' id='word_1_148' title='bbox 627 1610 773 1696; x_wconf 75' lang='lat' dir='ltr'><strong>vir,</strong></span> <span class='ocrx_word' id='word_1_149' title='bbox 820 1608 955 1707; x_wconf 81' lang='lat' dir='ltr'><strong>qui</strong></span> <span class='ocrx_word' id='word_1_150' title='bbox 974 1602 1408 1705; x_wconf 83' lang='lat' dir='ltr'><strong>pharetram</strong></span> <span class='ocrx_word' id='word_1_151' title='bbox 1453 1601 1736 1675; x_wconf 84' lang='lat' dir='ltr'><strong>talibus</strong></span> <span class='ocrx_word' id='word_1_152' title='bbox 1781 1602 1948 1674; x_wconf 90' lang='lat' dir='ltr'><strong>telis</strong></span> <span class='ocrx_word' id='word_1_153' title='bbox 1977 1600 2361 1678; x_wconf 71' lang='lat' dir='ltr'><strong>instruxit.</strong></span> <span class='ocrx_word' id='word_1_154' title='bbox 2461 1595 2612 1670; x_wconf 84' lang='lat' dir='ltr'><strong>Fe-</strong></span> 
     </span>
     <span class='ocr_line' id='line_1_21' title="bbox 629 1699 2610 1805; baseline -0.006 -22"><span class='ocrx_word' id='word_1_155' title='bbox 629 1710 750 1783; x_wconf 76' lang='lat' dir='ltr'><strong>lix</strong></span> <span class='ocrx_word' id='word_1_156' title='bbox 792 1710 1051 1781; x_wconf 78' lang='lat' dir='ltr'><strong>civitas</strong></span> <span class='ocrx_word' id='word_1_157' title='bbox 1101 1706 1181 1778; x_wconf 92' lang='lat' dir='ltr'><strong>in</strong></span> <span class='ocrx_word' id='word_1_158' title='bbox 1224 1731 1375 1805; x_wconf 83' lang='lat' dir='ltr'><strong>qua</strong></span> <span class='ocrx_word' id='word_1_159' title='bbox 1422 1699 1760 1777; x_wconf 80' lang='lat' dir='ltr'><strong>homines</strong></span> <span class='ocrx_word' id='word_1_160' title='bbox 1789 1704 2113 1801; x_wconf 78' lang='lat' dir='ltr'><strong>ingeniis</strong></span> <span class='ocrx_word' id='word_1_161' title='bbox 2144 1703 2360 1776; x_wconf 88' lang='lat' dir='ltr'><strong>bonis</strong></span> <span class='ocrx_word' id='word_1_162' title='bbox 2389 1724 2610 1801; x_wconf 86' lang='lat' dir='ltr'><strong>prae-</strong></span> 
     </span>
     <span class='ocr_line' id='line_1_22' title="bbox 631 1802 2612 1896; baseline -0.006 -12"><span class='ocrx_word' id='word_1_163' title='bbox 631 1810 806 1896; x_wconf 84' lang='lat' dir='ltr'><strong>diti,</strong></span> <span class='ocrx_word' id='word_1_164' title='bbox 870 1821 933 1881; x_wconf 93' lang='lat' dir='ltr'><strong>et</strong></span> <span class='ocrx_word' id='word_1_165' title='bbox 984 1808 1251 1881; x_wconf 82' lang='lat' dir='ltr'><strong>litteris</strong></span> <span class='ocrx_word' id='word_1_166' title='bbox 1292 1833 1381 1879; x_wconf 82' lang='lat' dir='ltr'><strong>ac</strong></span> <span class='ocrx_word' id='word_1_167' title='bbox 1424 1806 1683 1879; x_wconf 77' lang='lat' dir='ltr'><strong>virtute</strong></span> <span class='ocrx_word' id='word_1_168' title='bbox 1728 1808 2074 1879; x_wconf 75' lang='lat' dir='ltr'><strong>instructi</strong></span> <span class='ocrx_word' id='word_1_169' title='bbox 2107 1816 2171 1878; x_wconf 94' lang='lat' dir='ltr'><strong>et</strong></span> <span class='ocrx_word' id='word_1_170' title='bbox 2211 1804 2462 1876; x_wconf 91' lang='lat' dir='ltr'><strong>Deum</strong></span> <span class='ocrx_word' id='word_1_171' title='bbox 2514 1802 2612 1873; x_wconf 92' lang='lat' dir='ltr'><strong>ti-</strong></span> 
     </span>
     <span class='ocr_line' id='line_1_23' title="bbox 630 1904 2606 2007; baseline -0.006 -22"><span class='ocrx_word' id='word_1_172' title='bbox 630 1923 897 1985; x_wconf 82' lang='lat' dir='ltr'><strong>mentes</strong></span> <span class='ocrx_word' id='word_1_173' title='bbox 947 1907 1452 2007; x_wconf 72' lang='lat' dir='ltr'><strong>provehuntur</strong></span> <span class='ocrx_word' id='word_1_174' title='bbox 1508 1904 1621 1980; x_wconf 89' lang='lat' dir='ltr'><strong>ad</strong></span> <span class='ocrx_word' id='word_1_175' title='bbox 1686 1907 2220 2005; x_wconf 77' lang='lat' dir='ltr'><strong>gubernacula.</strong></span> <span class='ocrx_word' id='word_1_176' title='bbox 2353 1907 2606 1977; x_wconf 88' lang='lat' dir='ltr'><strong>Talem</strong></span> 
     </span>
     <span class='ocr_line' id='line_1_24' title="bbox 630 2009 2615 2099; baseline -0.006 -11"><span class='ocrx_word' id='word_1_177' title='bbox 630 2031 868 2089; x_wconf 86' lang='lat' dir='ltr'><strong>autem</strong></span> <span class='ocrx_word' id='word_1_178' title='bbox 897 2039 1043 2085; x_wconf 88' lang='lat' dir='ltr'><strong>esse</strong></span> <span class='ocrx_word' id='word_1_179' title='bbox 1076 2016 1217 2083; x_wconf 91' lang='lat' dir='ltr'><strong>iam</strong></span> <span class='ocrx_word' id='word_1_180' title='bbox 1245 2009 1683 2082; x_wconf 84' lang='lat' dir='ltr'><strong>Henzelium</strong></span> <span class='ocrx_word' id='word_1_181' title='bbox 1714 2014 2048 2097; x_wconf 87' lang='lat' dir='ltr'><strong>adfirmo,</strong></span> <span class='ocrx_word' id='word_1_182' title='bbox 2091 2037 2170 2083; x_wconf 93' lang='lat' dir='ltr'><strong>ac</strong></span> <span class='ocrx_word' id='word_1_183' title='bbox 2197 2025 2264 2082; x_wconf 90' lang='lat' dir='ltr'><strong>te</strong></span> <span class='ocrx_word' id='word_1_184' title='bbox 2297 2032 2504 2099; x_wconf 84' lang='lat' dir='ltr'><strong>rogo,</strong></span> <span class='ocrx_word' id='word_1_185' title='bbox 2532 2020 2615 2078; x_wconf 91' lang='lat' dir='ltr'><strong>ut</strong></span> 
     </span>
     <span class='ocr_line' id='line_1_25' title="bbox 632 2115 2615 2207; baseline -0.006 -17"><span class='ocrx_word' id='word_1_186' title='bbox 632 2144 795 2190; x_wconf 88' lang='lat' dir='ltr'><strong>eum</strong></span> <span class='ocrx_word' id='word_1_187' title='bbox 822 2130 1144 2187; x_wconf 90' lang='lat' dir='ltr'><strong>amanter</strong></span> <span class='ocrx_word' id='word_1_188' title='bbox 1171 2115 1613 2207; x_wconf 87' lang='lat' dir='ltr'><strong>amplectaris</strong></span> <span class='ocrx_word' id='word_1_189' title='bbox 1633 2170 1653 2202; x_wconf 91' lang='lat'><strong>,</strong></span> <span class='ocrx_word' id='word_1_190' title='bbox 1699 2116 2108 2207; x_wconf 87' lang='lat' dir='ltr'><strong>praesertim</strong></span> <span class='ocrx_word' id='word_1_191' title='bbox 2136 2128 2289 2184; x_wconf 90' lang='lat' dir='ltr'><strong>tum</strong></span> <span class='ocrx_word' id='word_1_192' title='bbox 2334 2125 2402 2182; x_wconf 90' lang='lat' dir='ltr'><strong>te</strong></span> <span class='ocrx_word' id='word_1_193' title='bbox 2433 2135 2615 2204; x_wconf 88' lang='lat' dir='ltr'><strong>quo-</strong></span> 
     </span>
     <span class='ocr_line' id='line_1_26' title="bbox 633 2211 2615 2315; baseline -0.005 -25"><span class='ocrx_word' id='word_1_194' title='bbox 633 2246 771 2315; x_wconf 89' lang='lat' dir='ltr'><strong>que</strong></span> <span class='ocrx_word' id='word_1_195' title='bbox 818 2220 1021 2288; x_wconf 87' lang='lat' dir='ltr'><strong>valde</strong></span> <span class='ocrx_word' id='word_1_196' title='bbox 1066 2218 1336 2307; x_wconf 86' lang='lat' dir='ltr'><strong>diligat.</strong></span> <span class='ocrx_word' id='word_1_197' title='bbox 1450 2213 1841 2287; x_wconf 86' lang='lat' dir='ltr'><strong>Ecclesiam</strong></span> <span class='ocrx_word' id='word_1_198' title='bbox 1884 2217 1963 2285; x_wconf 92' lang='lat' dir='ltr'><strong>in</strong></span> <span class='ocrx_word' id='word_1_199' title='bbox 2004 2216 2161 2309; x_wconf 88' lang='lat' dir='ltr'><strong>ripa</strong></span> <span class='ocrx_word' id='word_1_200' title='bbox 2205 2211 2527 2285; x_wconf 88' lang='lat' dir='ltr'><strong>Danubii</strong></span> <span class='ocrx_word' id='word_1_201' title='bbox 2574 2236 2615 2281; x_wconf 92' lang='lat' dir='ltr'><strong>a</strong></span> 
     </span>
     <span class='ocr_line' id='line_1_27' title="bbox 634 2315 2614 2412; baseline -0.005 -19"><span class='ocrx_word' id='word_1_202' title='bbox 634 2337 704 2394; x_wconf 91' lang='lat' dir='ltr'><strong>te</strong></span> <span class='ocrx_word' id='word_1_203' title='bbox 751 2322 865 2412; x_wconf 91' lang='lat' dir='ltr'><strong>pie</strong></span> <span class='ocrx_word' id='word_1_204' title='bbox 903 2321 1354 2391; x_wconf 86' lang='lat' dir='ltr'><strong>constitutam</strong></span> <span class='ocrx_word' id='word_1_205' title='bbox 1386 2342 1533 2388; x_wconf 85' lang='lat' dir='ltr'><strong>esse</strong></span> <span class='ocrx_word' id='word_1_206' title='bbox 1577 2322 1876 2408; x_wconf 86' lang='lat' dir='ltr'><strong>gaudeo.</strong></span> <span class='ocrx_word' id='word_1_207' title='bbox 1976 2318 2364 2409; x_wconf 87' lang='lat' dir='ltr'><strong>Tigurinos</strong></span> <span class='ocrx_word' id='word_1_208' title='bbox 2407 2315 2614 2385; x_wconf 90' lang='lat' dir='ltr'><strong>doleo</strong></span> 
     </span>
     <span class='ocr_line' id='line_1_28' title="bbox 637 2419 2616 2512; baseline -0.006 -17"><span class='ocrx_word' id='word_1_209' title='bbox 637 2438 705 2495; x_wconf 93' lang='lat' dir='ltr'><strong>et</strong></span> <span class='ocrx_word' id='word_1_210' title='bbox 734 2423 1197 2492; x_wconf 87' lang='lat' dir='ltr'><strong>immoderate</strong></span> <span class='ocrx_word' id='word_1_211' title='bbox 1226 2421 1708 2512; x_wconf 89' lang='lat' dir='ltr'><strong>respondisse,</strong></span> <span class='ocrx_word' id='word_1_212' title='bbox 1749 2436 1821 2493; x_wconf 89' lang='lat' dir='ltr'><strong>et</strong></span> <span class='ocrx_word' id='word_1_213' title='bbox 1852 2419 2208 2490; x_wconf 88' lang='lat' dir='ltr'><strong>miscuisse</strong></span> <span class='ocrx_word' id='word_1_214' title='bbox 2236 2420 2616 2489; x_wconf 82' lang='lat' dir='ltr'><strong>absurdam</strong></span> 
     </span>
     <span class='ocr_line' id='line_1_29' title="bbox 637 2515 2618 2617; baseline -0.007 -20"><span class='ocrx_word' id='word_1_215' title='bbox 637 2526 1052 2617; x_wconf 89' lang='lat' dir='ltr'><strong>opinionem</strong></span> <span class='ocrx_word' id='word_1_216' title='bbox 1100 2526 1190 2593; x_wconf 91' lang='lat' dir='ltr'><strong>de</strong></span> <span class='ocrx_word' id='word_1_217' title='bbox 1237 2517 1568 2593; x_wconf 87' lang='lat' dir='ltr'><strong>Ethnicis</strong></span> <span class='ocrx_word' id='word_1_218' title='bbox 1596 2520 1691 2616; x_wconf 86' lang='lat'><strong>²).</strong></span> <span class='ocrx_word' id='word_1_219' title='bbox 1795 2522 1959 2593; x_wconf 90' lang='lat' dir='ltr'><strong>Non</strong></span> <span class='ocrx_word' id='word_1_220' title='bbox 1997 2535 2103 2591; x_wconf 88' lang='lat' dir='ltr'><strong>est</strong></span> <span class='ocrx_word' id='word_1_221' title='bbox 2130 2518 2446 2590; x_wconf 88' lang='lat' dir='ltr'><strong>Ecclesia</strong></span> <span class='ocrx_word' id='word_1_222' title='bbox 2481 2515 2618 2588; x_wconf 90' lang='lat' dir='ltr'><strong>Dei</strong></span> 
     </span>
    </p>
   </div>
   <div class='ocr_carea' id='block_1_4' title="bbox 2722 2312 4744 3129">
    <p class='ocr_par' dir='ltr' id='par_1_4' title="bbox 2722 2312 4744 3129">
     <span class='ocr_line' id='line_1_30' title="bbox 2922 2312 4733 2411; baseline 0.001 -25"><span class='ocrx_word' id='word_1_223' title='bbox 2922 2314 3032 2386; x_wconf 92' lang='lat' dir='ltr'><strong>De</strong></span> <span class='ocrx_word' id='word_1_224' title='bbox 3060 2312 3357 2385; x_wconf 90' lang='lat' dir='ltr'><strong>Dassio</strong></span> <span class='ocrx_word' id='word_1_225' title='bbox 3383 2315 3656 2408; x_wconf 91' lang='lat' dir='ltr'><strong>optimo</strong></span> <span class='ocrx_word' id='word_1_226' title='bbox 3687 2315 3841 2385; x_wconf 85' lang='lat' dir='ltr'><strong>viro</strong></span> <span class='ocrx_word' id='word_1_227' title='bbox 3879 2316 4131 2385; x_wconf 83' lang='lat' dir='ltr'><strong>faciam</strong></span> <span class='ocrx_word' id='word_1_228' title='bbox 4168 2328 4511 2386; x_wconf 87' lang='lat' dir='ltr'><strong>accurate</strong></span> <span class='ocrx_word' id='word_1_229' title='bbox 4538 2317 4733 2411; x_wconf 84' lang='lat' dir='ltr'><strong>quod</strong></span> 
     </span>
     <span class='ocr_line' id='line_1_31' title="bbox 2727 2416 4725 2511; baseline -0.001 -23"><span class='ocrx_word' id='word_1_230' title='bbox 2727 2418 2942 2511; x_wconf 89' lang='lat' dir='ltr'><strong>petis,</strong></span> <span class='ocrx_word' id='word_1_231' title='bbox 3001 2419 3253 2488; x_wconf 84' lang='lat' dir='ltr'><strong>vellem</strong></span> <span class='ocrx_word' id='word_1_232' title='bbox 3306 2443 3471 2488; x_wconf 91' lang='lat' dir='ltr'><strong>eum</strong></span> <span class='ocrx_word' id='word_1_233' title='bbox 3513 2416 3928 2487; x_wconf 87' lang='lat' dir='ltr'><strong>Bavaricam</strong></span> <span class='ocrx_word' id='word_1_234' title='bbox 3982 2418 4180 2488; x_wconf 90' lang='lat' dir='ltr'><strong>illam</strong></span> <span class='ocrx_word' id='word_1_235' title='bbox 4225 2418 4725 2490; x_wconf 84' lang='lat' dir='ltr'><strong>conditionem</strong></span> 
     </span>
     <span class='ocr_line' id='line_1_32' title="bbox 2725 2519 4734 2612; baseline 0 -22"><span class='ocrx_word' id='word_1_236' title='bbox 2725 2545 2925 2598; x_wconf 66' lang='lat' dir='ltr'><strong>ame</strong></span> <span class='ocrx_word' id='word_1_237' title='bbox 2970 2520 3109 2612; x_wconf 87' lang='lat' dir='ltr'><strong>ipsi</strong></span> <span class='ocrx_word' id='word_1_238' title='bbox 3155 2520 3500 2604; x_wconf 89' lang='lat' dir='ltr'><strong>delatam,</strong></span> <span class='ocrx_word' id='word_1_239' title='bbox 3569 2544 3719 2589; x_wconf 90' lang='lat' dir='ltr'><strong>non</strong></span> <span class='ocrx_word' id='word_1_240' title='bbox 3763 2534 4214 2612; x_wconf 88' lang='lat' dir='ltr'><strong>aspernatum</strong></span> <span class='ocrx_word' id='word_1_241' title='bbox 4261 2544 4445 2595; x_wconf 85' lang='lat' dir='ltr'><strong>esse.</strong></span> <span class='ocrx_word' id='word_1_242' title='bbox 4544 2519 4734 2591; x_wconf 82' lang='lat' dir='ltr'><strong>Nam</strong></span> 
     </span>
     <span class='ocr_line' id='line_1_33' title="bbox 2728 2616 4739 2709; baseline 0 -19"><span class='ocrx_word' id='word_1_243' title='bbox 2728 2623 2848 2691; x_wconf 88' lang='lat' dir='ltr'><strong>ille</strong></span> <span class='ocrx_word' id='word_1_244' title='bbox 2894 2635 3136 2692; x_wconf 89' lang='lat' dir='ltr'><strong>noster</strong></span> <span class='ocrx_word' id='word_1_245' title='bbox 3177 2616 3590 2707; x_wconf 86' lang='lat' dir='ltr'><strong>Ascanius,</strong></span> <span class='ocrx_word' id='word_1_246' title='bbox 3653 2623 3781 2692; x_wconf 86' lang='lat' dir='ltr'><strong>etsi</strong></span> <span class='ocrx_word' id='word_1_247' title='bbox 3829 2635 3932 2692; x_wconf 91' lang='lat' dir='ltr'><strong>est</strong></span> <span class='ocrx_word' id='word_1_248' title='bbox 3982 2622 4095 2690; x_wconf 83' lang='lat' dir='ltr'><strong>vir</strong></span> <span class='ocrx_word' id='word_1_249' title='bbox 4140 2622 4426 2709; x_wconf 89' lang='lat' dir='ltr'><strong>bonus,</strong></span> <span class='ocrx_word' id='word_1_250' title='bbox 4496 2636 4739 2693; x_wconf 90' lang='lat' dir='ltr'><strong>tamen</strong></span> 
     </span>
     <span class='ocr_line' id='line_1_34' title="bbox 2727 2722 4741 2814; baseline 0.001 -21"><span class='ocrx_word' id='word_1_251' title='bbox 2727 2724 3121 2795; x_wconf 88' lang='lat' dir='ltr'><strong>amicorum</strong></span> <span class='ocrx_word' id='word_1_252' title='bbox 3167 2747 3406 2793; x_wconf 82' lang='lat' dir='ltr'><strong>caussa</strong></span> <span class='ocrx_word' id='word_1_253' title='bbox 3452 2747 3600 2793; x_wconf 89' lang='lat' dir='ltr'><strong>non</strong></span> <span class='ocrx_word' id='word_1_254' title='bbox 3644 2739 3932 2814; x_wconf 86' lang='lat' dir='ltr'><strong>pugnat.</strong></span> <span class='ocrx_word' id='word_1_255' title='bbox 4037 2722 4451 2795; x_wconf 88' lang='lat' dir='ltr'><strong>Meministi</strong></span> <span class='ocrx_word' id='word_1_256' title='bbox 4497 2738 4741 2795; x_wconf 86' lang='lat' dir='ltr'><strong>autem</strong></span> 
     </span>
     <span class='ocr_line' id='line_1_35' title="bbox 2729 2817 4743 2924; baseline 0.002 -29"><span class='ocrx_word' id='word_1_257' title='bbox 2729 2827 2910 2895; x_wconf 91' lang='lat' dir='ltr'><strong>illud</strong></span> <span class='ocrx_word' id='word_1_258' title='bbox 2940 2821 3185 2910; x_wconf 89' lang='lat' dir='ltr'><strong>Alcei,</strong></span> <span class='ocrx_word' id='word_1_259' title='bbox 3236 2840 3318 2897; x_wconf 90' lang='lat' dir='ltr'><strong>ut</strong></span> <span class='ocrx_word' id='word_1_260' title='bbox 3349 2827 3609 2910; x_wconf 82' lang='lat' dir='ltr'><strong>fertur,</strong></span> <span class='ocrx_word' id='word_1_261' title='bbox 3661 2818 4004 2920; x_wconf 78' lang='grc' dir='ltr'><strong><em>ἀδμήτου</em></strong></span> <span class='ocrx_word' id='word_1_262' title='bbox 4045 2819 4320 2924; x_wconf 75' lang='grc' dir='ltr'><strong><em>λόγον,</em></strong></span> <span class='ocrx_word' id='word_1_263' title='bbox 4374 2817 4442 2898; x_wconf 81' lang='grc' dir='ltr'><em>ὦ</em></span> <span class='ocrx_word' id='word_1_264' title='bbox 4490 2824 4743 2922; x_wconf 78' lang='grc' dir='ltr'><em>ἑταῖρε</em></span> 
     </span>
     <span class='ocr_line' id='line_1_36' title="bbox 2727 2921 4744 3027; baseline 0.001 -28"><span class='ocrx_word' id='word_1_265' title='bbox 2727 2923 3014 3022; x_wconf 77' lang='grc' dir='ltr'><em>μαθών</em></span> <span class='ocrx_word' id='word_1_266' title='bbox 3044 2923 3220 3008; x_wconf 77' lang='grc' dir='ltr'><em>τοὺς</em></span> <span class='ocrx_word' id='word_1_267' title='bbox 3247 2921 3594 3027; x_wconf 74' lang='grc' dir='ltr'><em>ἀγαθοὺς</em></span> <span class='ocrx_word' id='word_1_268' title='bbox 3627 2922 3846 3023; x_wconf 79' lang='grc' dir='ltr'><strong>φίλει.</strong></span> <span class='ocrx_word' id='word_1_269' title='bbox 3944 2932 4107 3000; x_wconf 80' lang='grc' dir='ltr'><strong>τῶν</strong></span> <span class='ocrx_word' id='word_1_270' title='bbox 4132 2924 4410 3003; x_wconf 75' lang='grc' dir='ltr'><strong>δειλῶν</strong></span> <span class='ocrx_word' id='word_1_271' title='bbox 4438 2923 4527 3001; x_wconf 72' lang='grc' dir='ltr'><strong>δ’</strong></span> <span class='ocrx_word' id='word_1_272' title='bbox 4562 2925 4744 3002; x_wconf 77' lang='grc' dir='ltr'><em>ἀπέ-</em></span> 
     </span>
     <span class='ocr_line' id='line_1_37' title="bbox 2722 3022 4138 3129; baseline -0.002 -26"><span class='ocrx_word' id='word_1_273' title='bbox 2722 3056 2872 3125; x_wconf 90' lang='grc' dir='ltr'><strong>χου</strong></span> <span class='ocrx_word' id='word_1_274' title='bbox 2890 3083 2911 3117; x_wconf 94' lang='grc'><strong>,</strong></span> <span class='ocrx_word' id='word_1_275' title='bbox 2954 3025 3186 3129; x_wconf 65' lang='lat' dir='ltr'><strong>yrcis</strong></span> <span class='ocrx_word' id='word_1_276' title='bbox 3220 3025 3334 3101; x_wconf 80' lang='grc' dir='ltr'><strong>ὅτι</strong></span> <span class='ocrx_word' id='word_1_277' title='bbox 3360 3024 3628 3103; x_wconf 76' lang='grc' dir='ltr'><strong>δειλῶν</strong></span> <span class='ocrx_word' id='word_1_278' title='bbox 3653 3024 3871 3129; x_wconf 73' lang='grc' dir='ltr'><em>ὀλίγα</em></span> <span class='ocrx_word' id='word_1_279' title='bbox 3892 3022 4138 3127; x_wconf 82' lang='grc' dir='ltr'><strong>χάρις.</strong></span> 
     </span>
    </p>
   </div>
   <div class='ocr_carea' id='block_1_5' title="bbox 517 2619 2627 3430">
    <p class='ocr_par' dir='ltr' id='par_1_5' title="bbox 517 2619 2627 3430">
     <span class='ocr_line' id='line_1_38' title="bbox 639 2619 2619 2716; baseline -0.005 -20"><span class='ocrx_word' id='word_1_280' title='bbox 639 2629 720 2696; x_wconf 91' lang='lat' dir='ltr'><strong>in</strong></span> <span class='ocrx_word' id='word_1_281' title='bbox 778 2652 856 2695; x_wconf 89' lang='lat' dir='ltr'><strong>ea</strong></span> <span class='ocrx_word' id='word_1_282' title='bbox 924 2640 1162 2710; x_wconf 87' lang='lat' dir='ltr'><strong>coetu,</strong></span> <span class='ocrx_word' id='word_1_283' title='bbox 1228 2624 1356 2693; x_wconf 90' lang='lat' dir='ltr'><strong>ubi</strong></span> <span class='ocrx_word' id='word_1_284' title='bbox 1400 2648 1691 2716; x_wconf 87' lang='lat' dir='ltr'><strong>prorsus</strong></span> <span class='ocrx_word' id='word_1_285' title='bbox 1737 2624 1936 2694; x_wconf 90' lang='lat' dir='ltr'><strong>nulla</strong></span> <span class='ocrx_word' id='word_1_286' title='bbox 1995 2620 2486 2715; x_wconf 84' lang='lat' dir='ltr'><strong>promissionis</strong></span> <span class='ocrx_word' id='word_1_287' title='bbox 2529 2619 2619 2688; x_wconf 89' lang='lat' dir='ltr'><strong>de</strong></span> 
     </span>
     <span class='ocr_line' id='line_1_39' title="bbox 635 2721 2620 2814; baseline -0.006 -15"><span class='ocrx_word' id='word_1_288' title='bbox 635 2723 925 2799; x_wconf 81' lang='lat' dir='ltr'><strong>Christo</strong></span> <span class='ocrx_word' id='word_1_289' title='bbox 972 2727 1223 2798; x_wconf 85' lang='lat' dir='ltr'><strong>notitia</strong></span> <span class='ocrx_word' id='word_1_290' title='bbox 1272 2739 1411 2808; x_wconf 84' lang='lat' dir='ltr'><strong>est,</strong></span> <span class='ocrx_word' id='word_1_291' title='bbox 1466 2727 1664 2796; x_wconf 90' lang='lat' dir='ltr'><strong>nulla</strong></span> <span class='ocrx_word' id='word_1_292' title='bbox 1697 2751 1832 2795; x_wconf 88' lang='lat' dir='ltr'><strong>vox</strong></span> <span class='ocrx_word' id='word_1_293' title='bbox 1870 2721 2284 2814; x_wconf 88' lang='lat' dir='ltr'><strong>Evangelii,</strong></span> <span class='ocrx_word' id='word_1_294' title='bbox 2338 2721 2620 2792; x_wconf 82' lang='lat' dir='ltr'><strong>nullum</strong></span> 
     </span>
     <span class='ocr_line' id='line_1_40' title="bbox 637 2824 2623 2901; baseline -0.002 -2"><span class='ocrx_word' id='word_1_295' title='bbox 637 2828 1138 2901; x_wconf 85' lang='lat' dir='ltr'><strong>ministerium.</strong></span> <span class='ocrx_word' id='word_1_296' title='bbox 1254 2825 1492 2897; x_wconf 90' lang='lat' dir='ltr'><strong>Miror</strong></span> <span class='ocrx_word' id='word_1_297' title='bbox 1542 2853 1670 2898; x_wconf 91' lang='lat' dir='ltr'><strong>cur</strong></span> <span class='ocrx_word' id='word_1_298' title='bbox 1732 2827 2093 2897; x_wconf 88' lang='lat' dir='ltr'><strong>cumulare</strong></span> <span class='ocrx_word' id='word_1_299' title='bbox 2152 2824 2320 2895; x_wconf 91' lang='lat' dir='ltr'><strong>odia</strong></span> <span class='ocrx_word' id='word_1_300' title='bbox 2376 2824 2623 2896; x_wconf 84' lang='lat' dir='ltr'><strong>velint.</strong></span> 
     </span>
     <span class='ocr_line' id='line_1_41' title="bbox 641 2924 2624 3021; baseline -0.004 -19"><span class='ocrx_word' id='word_1_301' title='bbox 641 2931 712 3002; x_wconf 90' lang='lat' dir='ltr'>A</span> <span class='ocrx_word' id='word_1_302' title='bbox 759 2945 825 3002; x_wconf 91' lang='lat' dir='ltr'><strong>te</strong></span> <span class='ocrx_word' id='word_1_303' title='bbox 873 2930 1110 3001; x_wconf 85' lang='lat' dir='ltr'><strong>literas</strong></span> <span class='ocrx_word' id='word_1_304' title='bbox 1157 2944 1225 3001; x_wconf 88' lang='lat' dir='ltr'><strong>et</strong></span> <span class='ocrx_word' id='word_1_305' title='bbox 1265 2929 1506 3020; x_wconf 85' lang='lat' dir='ltr'><strong>flagito</strong></span> <span class='ocrx_word' id='word_1_306' title='bbox 1549 2947 1618 3002; x_wconf 87' lang='lat' dir='ltr'><strong>et</strong></span> <span class='ocrx_word' id='word_1_307' title='bbox 1659 2943 2007 3021; x_wconf 84' lang='lat' dir='ltr'><strong>exspecto.</strong></span> <span class='ocrx_word' id='word_1_308' title='bbox 2106 2927 2295 2998; x_wconf 81' lang='lat' dir='ltr'><strong>Dum.</strong></span> <span class='ocrx_word' id='word_1_309' title='bbox 2344 2924 2624 3020; x_wconf 88' lang='lat' dir='ltr'><strong>Geryo-</strong></span> 
     </span>
     <span class='ocr_line' id='line_1_42' title="bbox 642 3027 2625 3127; baseline -0.004 -24"><span class='ocrx_word' id='word_1_310' title='bbox 642 3057 775 3104; x_wconf 87' lang='lat' dir='ltr'><strong>nea</strong></span> <span class='ocrx_word' id='word_1_311' title='bbox 803 3030 877 3127; x_wconf 81' lang='lat'><strong>³)</strong></span> <span class='ocrx_word' id='word_1_312' title='bbox 920 3034 1141 3104; x_wconf 87' lang='lat' dir='ltr'><strong>amice</strong></span> <span class='ocrx_word' id='word_1_313' title='bbox 1184 3033 1524 3104; x_wconf 87' lang='lat' dir='ltr'><strong>salutabis</strong></span> <span class='ocrx_word' id='word_1_314' title='bbox 1561 3034 1740 3103; x_wconf 86' lang='lat' dir='ltr'><strong>meis</strong></span> <span class='ocrx_word' id='word_1_315' title='bbox 1781 3031 2039 3104; x_wconf 87' lang='lat' dir='ltr'><strong>verbis.</strong></span> <span class='ocrx_word' id='word_1_316' title='bbox 2153 3028 2373 3100; x_wconf 83' lang='lat' dir='ltr'><strong>Mitto</strong></span> <span class='ocrx_word' id='word_1_317' title='bbox 2419 3027 2625 3098; x_wconf 87' lang='lat' dir='ltr'><strong>vobis</strong></span> 
     </span>
     <span class='ocr_line' id='line_1_43' title="bbox 641 3130 2627 3229; baseline -0.002 -23"><span class='ocrx_word' id='word_1_318' title='bbox 641 3160 901 3229; x_wconf 87' lang='lat' dir='ltr'><strong>paucas</strong></span> <span class='ocrx_word' id='word_1_319' title='bbox 943 3138 1289 3229; x_wconf 83' lang='lat' dir='ltr'><strong>pagellas,</strong></span> <span class='ocrx_word' id='word_1_320' title='bbox 1355 3130 1546 3205; x_wconf 89' lang='lat' dir='ltr'><strong>nihil</strong></span> <span class='ocrx_word' id='word_1_321' title='bbox 1604 3137 1793 3205; x_wconf 91' lang='lat' dir='ltr'><strong>enim</strong></span> <span class='ocrx_word' id='word_1_322' title='bbox 1852 3130 2205 3206; x_wconf 86' lang='lat' dir='ltr'><strong>habebam</strong></span> <span class='ocrx_word' id='word_1_323' title='bbox 2248 3130 2627 3203; x_wconf 89' lang='lat' dir='ltr'><strong>recentius.</strong></span> 
     </span>
     <span class='ocr_line' id='line_1_44' title="bbox 517 3227 2328 3333; baseline -0.003 -26"><span class='ocrx_word' id='word_1_324' title='bbox 517 3247 522 3252; x_wconf 88' lang='lat'>&#39;</span> <span class='ocrx_word' id='word_1_325' title='bbox 642 3233 841 3308; x_wconf 90' lang='lat' dir='ltr'><strong>Bene</strong></span> <span class='ocrx_word' id='word_1_326' title='bbox 864 3251 935 3308; x_wconf 90' lang='lat' dir='ltr'><strong>et</strong></span> <span class='ocrx_word' id='word_1_327' title='bbox 967 3240 1267 3310; x_wconf 84' lang='lat' dir='ltr'><strong>feliciter</strong></span> <span class='ocrx_word' id='word_1_328' title='bbox 1296 3236 1474 3307; x_wconf 89' lang='lat' dir='ltr'><strong>vale.</strong></span> <span class='ocrx_word' id='word_1_329' title='bbox 1576 3237 1648 3310; x_wconf 91' lang='lat'><strong>7.</strong></span> <span class='ocrx_word' id='word_1_330' title='bbox 1679 3235 1972 3333; x_wconf 80' lang='lat' dir='ltr'><strong>Maii.⁴)</strong></span> <span class='ocrx_word' id='word_1_331' title='bbox 2025 3227 2328 3331; x_wconf 81' lang='lat'><strong>(1545.)</strong></span> 
     </span>
     <span class='ocr_line' id='line_1_45' title="bbox 1668 3328 2529 3430; baseline -0.002 -21"><span class='ocrx_word' id='word_1_332' title='bbox 1668 3332 2047 3430; x_wconf 88' lang='lat' dir='ltr'><strong>Philippus</strong></span> <span class='ocrx_word' id='word_1_333' title='bbox 2076 3328 2529 3407; x_wconf 87' lang='lat' dir='ltr'><strong>Melanthon.</strong></span> 
     </span>
    </p>
   </div>
   <div class='ocr_carea' id='block_1_6' title="bbox 2678 3174 4739 3664">
    <p class='ocr_par' dir='ltr' id='par_1_6' title="bbox 2678 3174 4739 3664">
     <span class='ocr_line' id='line_1_46' title="bbox 2932 3174 4736 3278; baseline 0.001 -29"><span class='ocrx_word' id='word_1_334' title='bbox 2932 3174 3154 3250; x_wconf 88' lang='lat' dir='ltr'><strong>Petro</strong></span> <span class='ocrx_word' id='word_1_335' title='bbox 3185 3192 3254 3250; x_wconf 90' lang='lat' dir='ltr'><strong>et</strong></span> <span class='ocrx_word' id='word_1_336' title='bbox 3283 3179 3555 3251; x_wconf 88' lang='lat' dir='ltr'><strong>litteras</strong></span> <span class='ocrx_word' id='word_1_337' title='bbox 3587 3192 3745 3250; x_wconf 90' lang='lat' dir='ltr'><strong>tuas</strong></span> <span class='ocrx_word' id='word_1_338' title='bbox 3774 3180 4081 3266; x_wconf 85' lang='lat' dir='ltr'><strong>reddidi,</strong></span> <span class='ocrx_word' id='word_1_339' title='bbox 4107 3194 4177 3252; x_wconf 88' lang='lat' dir='ltr'><strong>et</strong></span> <span class='ocrx_word' id='word_1_340' title='bbox 4209 3182 4449 3253; x_wconf 89' lang='lat' dir='ltr'><strong>detuli</strong></span> <span class='ocrx_word' id='word_1_341' title='bbox 4463 3178 4736 3278; x_wconf 73' lang='lat' dir='ltr'><strong>Egra-</strong></span> 
     </span>
     <span class='ocr_line' id='line_1_47' title="bbox 2734 3278 4734 3374; baseline 0.002 -22"><span class='ocrx_word' id='word_1_342' title='bbox 2734 3305 2875 3352; x_wconf 90' lang='lat' dir='ltr'><strong>nae</strong></span> <span class='ocrx_word' id='word_1_343' title='bbox 2902 3278 3181 3352; x_wconf 87' lang='lat' dir='ltr'><strong>scholae</strong></span> <span class='ocrx_word' id='word_1_344' title='bbox 3223 3281 3844 3372; x_wconf 80' lang='lat' dir='ltr'><strong>gubernationem,</strong></span> <span class='ocrx_word' id='word_1_345' title='bbox 3894 3282 4021 3353; x_wconf 90' lang='lat' dir='ltr'><strong>etsi</strong></span> <span class='ocrx_word' id='word_1_346' title='bbox 4065 3283 4378 3374; x_wconf 86' lang='lat' dir='ltr'><strong>optarim</strong></span> <span class='ocrx_word' id='word_1_347' title='bbox 4422 3309 4571 3355; x_wconf 87' lang='lat' dir='ltr'><strong>esse</strong></span> <span class='ocrx_word' id='word_1_348' title='bbox 4608 3310 4734 3355; x_wconf 81' lang='lat' dir='ltr'><strong>ex·</strong></span> 
     </span>
     <span class='ocr_line' id='line_1_48' title="bbox 2678 3377 4732 3477; baseline 0 -21"><span class='ocrx_word' id='word_1_349' title='bbox 2678 3468 2679 3475; x_wconf 13' lang='lat'>¹</span> <span class='ocrx_word' id='word_1_350' title='bbox 2736 3383 3152 3458; x_wconf 88' lang='lat' dir='ltr'><strong>citatiorem.</strong></span> <span class='ocrx_word' id='word_1_351' title='bbox 3265 3377 3692 3470; x_wconf 90' lang='lat' dir='ltr'><strong>Boiemum,</strong></span> <span class='ocrx_word' id='word_1_352' title='bbox 3770 3387 3858 3453; x_wconf 92' lang='lat' dir='ltr'><strong>de</strong></span> <span class='ocrx_word' id='word_1_353' title='bbox 3919 3409 4060 3477; x_wconf 91' lang='lat' dir='ltr'><strong>quo</strong></span> <span class='ocrx_word' id='word_1_354' title='bbox 4125 3386 4425 3473; x_wconf 87' lang='lat' dir='ltr'><strong>scribis,</strong></span> <span class='ocrx_word' id='word_1_355' title='bbox 4483 3387 4732 3459; x_wconf 89' lang='lat' dir='ltr'><strong>iudico</strong></span> 
     </span>
     <span class='ocr_line' id='line_1_49' title="bbox 2687 3486 4736 3581; baseline 0.001 -23"><span class='ocrx_word' id='word_1_356' title='bbox 2687 3535 2688 3539; x_wconf 59' lang='lat'><em>=</em></span> <span class='ocrx_word' id='word_1_357' title='bbox 2735 3491 3007 3558; x_wconf 90' lang='lat' dir='ltr'><strong>bonum</strong></span> <span class='ocrx_word' id='word_1_358' title='bbox 3056 3501 3126 3558; x_wconf 91' lang='lat' dir='ltr'><strong>et</strong></span> <span class='ocrx_word' id='word_1_359' title='bbox 3165 3488 3451 3559; x_wconf 91' lang='lat' dir='ltr'><strong>doctum</strong></span> <span class='ocrx_word' id='word_1_360' title='bbox 3495 3486 3732 3556; x_wconf 87' lang='lat' dir='ltr'><strong>virum</strong></span> <span class='ocrx_word' id='word_1_361' title='bbox 3781 3510 3965 3571; x_wconf 89' lang='lat' dir='ltr'><strong>esse,</strong></span> <span class='ocrx_word' id='word_1_362' title='bbox 4015 3488 4139 3556; x_wconf 89' lang='lat' dir='ltr'><strong>sed</strong></span> <span class='ocrx_word' id='word_1_363' title='bbox 4180 3488 4271 3557; x_wconf 90' lang='lat' dir='ltr'><strong>ad</strong></span> <span class='ocrx_word' id='word_1_364' title='bbox 4301 3489 4736 3581; x_wconf 87' lang='lat' dir='ltr'><strong>disputatio-</strong></span> 
     </span>
     <span class='ocr_line' id='line_1_50' title="bbox 2738 3586 4739 3664; baseline 0.001 -4"><span class='ocrx_word' id='word_1_365' title='bbox 2738 3614 2862 3660; x_wconf 89' lang='lat' dir='ltr'><strong>nes</strong></span> <span class='ocrx_word' id='word_1_366' title='bbox 2882 3586 3325 3659; x_wconf 86' lang='lat' dir='ltr'><strong>scholasticas</strong></span> <span class='ocrx_word' id='word_1_367' title='bbox 3350 3611 3498 3658; x_wconf 92' lang='lat' dir='ltr'><strong>non</strong></span> <span class='ocrx_word' id='word_1_368' title='bbox 3527 3588 3838 3658; x_wconf 89' lang='lat' dir='ltr'><strong>arbitror</strong></span> <span class='ocrx_word' id='word_1_369' title='bbox 3866 3591 4360 3664; x_wconf 81' lang='lat' dir='ltr'><strong>assuefactum.</strong></span> <span class='ocrx_word' id='word_1_370' title='bbox 4466 3589 4739 3663; x_wconf 82' lang='lat' dir='ltr'><strong>Gravi-</strong></span> 
     </span>
    </p>
   </div>
   <div class='ocr_carea' id='block_1_7' title="bbox 2738 3685 4575 3784">
    <p class='ocr_par' dir='ltr' id='par_1_7' title="bbox 2738 3685 4575 3784">
     <span class='ocr_line' id='line_1_51' title="bbox 2738 3685 4575 3784; baseline 0.001 -20"><span class='ocrx_word' id='word_1_371' title='bbox 2738 3708 2841 3765; x_wconf 89' lang='lat' dir='ltr'><strong>tas</strong></span> <span class='ocrx_word' id='word_1_372' title='bbox 2868 3692 2946 3762; x_wconf 89' lang='lat' dir='ltr'><strong>in</strong></span> <span class='ocrx_word' id='word_1_373' title='bbox 2980 3716 3063 3761; x_wconf 93' lang='lat' dir='ltr'><strong>eo</strong></span> <span class='ocrx_word' id='word_1_374' title='bbox 3096 3704 3232 3775; x_wconf 89' lang='lat' dir='ltr'><strong>est,</strong></span> <span class='ocrx_word' id='word_1_375' title='bbox 3276 3688 3521 3783; x_wconf 80' lang='lat' dir='ltr'><strong>gentis</strong></span> <span class='ocrx_word' id='word_1_376' title='bbox 3542 3685 3608 3784; x_wconf 85' lang='lat'><strong>¹)</strong></span> <span class='ocrx_word' id='word_1_377' title='bbox 3640 3691 3927 3782; x_wconf 86' lang='lat' dir='ltr'><strong>propria</strong></span> <span class='ocrx_word' id='word_1_378' title='bbox 3961 3706 4030 3762; x_wconf 91' lang='lat' dir='ltr'><strong>et</strong></span> <span class='ocrx_word' id='word_1_379' title='bbox 4059 3716 4245 3784; x_wconf 88' lang='lat' dir='ltr'><strong>pene</strong></span> <span class='ocrx_word' id='word_1_380' title='bbox 4280 3692 4575 3767; x_wconf 90' lang='lat' dir='ltr'><strong>tristior.</strong></span> 
     </span>
    </p>
   </div>
   <div class='ocr_carea' id='block_1_8' title="bbox 646 3575 2629 3618">
    <p class='ocr_par' dir='ltr' id='par_1_8' title="bbox 646 3575 2629 3618">
     <span class='ocr_line' id='line_1_52' title="bbox 646 3575 2629 3618; baseline -0.001 -19"><span class='ocrx_word' id='word_1_381' title='bbox 646 3575 2629 3618; x_wconf 62' lang='lat'><strong>---—--,..-—--—.—-———</strong></span> 
     </span>
    </p>
   </div>
   <div class='ocr_carea' id='block_1_9' title="bbox 648 3725 2605 3808">
    <p class='ocr_par' dir='ltr' id='par_1_9' title="bbox 648 3725 2605 3808">
     <span class='ocr_line' id='line_1_53' title="bbox 648 3725 2605 3808; baseline 0.007 -13"><span class='ocrx_word' id='word_1_382' title='bbox 648 3725 785 3801; x_wconf 87' lang='lat' dir='ltr'><strong>No.</strong></span> <span class='ocrx_word' id='word_1_383' title='bbox 819 3728 1048 3804; x_wconf 74' lang='lat'><strong>5188.</strong></span> <span class='ocrx_word' id='word_1_384' title='bbox 2334 3746 2405 3805; x_wconf 87' lang='grc'><strong>7.</strong></span> <span class='ocrx_word' id='word_1_385' title='bbox 2431 3738 2605 3808; x_wconf 79' lang='lat' dir='ltr'><strong>Maii.</strong></span> 
     </span>
    </p>
   </div>
   <div class='ocr_carea' id='block_1_10' title="bbox 2277 3828 2621 3856">
    <p class='ocr_par' dir='ltr' id='par_1_10' title="bbox 2277 3828 2621 3856">
     <span class='ocr_line' id='line_1_54' title="bbox 2277 3828 2621 3856; baseline 0.009 -3"><span class='ocrx_word' id='word_1_386' title='bbox 2277 3828 2621 3856; x_wconf 48' lang='grc' dir='ltr'><strong>Ὦπίν</strong></span> 
     </span>
    </p>
   </div>
   <div class='ocr_carea' id='block_1_11' title="bbox 656 3822 1003 3854">
    <p class='ocr_par' dir='ltr' id='par_1_11' title="bbox 656 3822 1003 3854">
     <span class='ocr_line' id='line_1_55' title="bbox 656 3822 1003 3854; baseline 0 3063"><span class='ocrx_word' id='word_1_387' title='bbox 656 3822 1003 3854; x_wconf 95' lang='lat' dir='ltr'><strong> </strong></span> 
     </span>
    </p>
   </div>
   <div class='ocr_carea' id='block_1_12' title="bbox 2737 3835 4740 4240">
    <p class='ocr_par' dir='ltr' id='par_1_12' title="bbox 2737 3835 4740 4240">
     <span class='ocr_line' id='line_1_56' title="bbox 2936 3835 4734 3936; baseline 0.001 -20"><span class='ocrx_word' id='word_1_388' title='bbox 2936 3843 3222 3916; x_wconf 87' lang='lat' dir='ltr'><strong>Cultros</strong></span> <span class='ocrx_word' id='word_1_389' title='bbox 3248 3835 3649 3912; x_wconf 78' lang='lat' dir='ltr'><strong>Laterensi</strong></span> <span class='ocrx_word' id='word_1_390' title='bbox 3671 3843 4053 3914; x_wconf 86' lang='lat' dir='ltr'><strong>mittendos</strong></span> <span class='ocrx_word' id='word_1_391' title='bbox 4087 3845 4340 3936; x_wconf 86' lang='lat' dir='ltr'><strong>delegi,</strong></span> <span class='ocrx_word' id='word_1_392' title='bbox 4382 3858 4465 3914; x_wconf 90' lang='lat' dir='ltr'><strong>ut</strong></span> <span class='ocrx_word' id='word_1_393' title='bbox 4508 3846 4595 3915; x_wconf 89' lang='lat' dir='ltr'><strong>in</strong></span> <span class='ocrx_word' id='word_1_394' title='bbox 4642 3870 4734 3917; x_wconf 88' lang='lat' dir='ltr'><strong>eo</strong></span> 
     </span>
     <span class='ocr_line' id='line_1_57' title="bbox 2739 3945 4738 4039; baseline 0.001 -23"><span class='ocrx_word' id='word_1_395' title='bbox 2739 3971 3026 4038; x_wconf 84' lang='lat' dir='ltr'><strong>genere,</strong></span> <span class='ocrx_word' id='word_1_396' title='bbox 3077 3946 3405 4038; x_wconf 87' lang='lat' dir='ltr'><strong>optimos.</strong></span> <span class='ocrx_word' id='word_1_397' title='bbox 3478 3945 3617 4016; x_wconf 90' lang='lat' dir='ltr'><strong>Sed</strong></span> <span class='ocrx_word' id='word_1_398' title='bbox 3649 3946 3920 4015; x_wconf 86' lang='lat' dir='ltr'><strong>mittam</strong></span> <span class='ocrx_word' id='word_1_399' title='bbox 3950 3971 4077 4039; x_wconf 91' lang='lat' dir='ltr'><strong>per</strong></span> <span class='ocrx_word' id='word_1_400' title='bbox 4107 3947 4326 4017; x_wconf 87' lang='lat' dir='ltr'><strong>alium</strong></span> <span class='ocrx_word' id='word_1_401' title='bbox 4351 3946 4738 4024; x_wconf 86' lang='lat' dir='ltr'><strong>nuncium.</strong></span> 
     </span>
     <span class='ocr_line' id='line_1_58' title="bbox 2737 4044 4740 4135; baseline 0 -16"><span class='ocrx_word' id='word_1_402' title='bbox 2737 4048 2946 4119; x_wconf 88' lang='lat' dir='ltr'><strong>Nunc</strong></span> <span class='ocrx_word' id='word_1_403' title='bbox 2975 4049 3166 4117; x_wconf 87' lang='lat' dir='ltr'><strong>enim</strong></span> <span class='ocrx_word' id='word_1_404' title='bbox 3197 4047 3503 4116; x_wconf 87' lang='lat' dir='ltr'><strong>scribere</strong></span> <span class='ocrx_word' id='word_1_405' title='bbox 3536 4071 3681 4116; x_wconf 91' lang='lat' dir='ltr'><strong>non</strong></span> <span class='ocrx_word' id='word_1_406' title='bbox 3714 4061 3930 4121; x_wconf 86' lang='lat' dir='ltr'><strong>vacat.</strong></span> <span class='ocrx_word' id='word_1_407' title='bbox 4034 4044 4205 4119; x_wconf 92' lang='lat' dir='ltr'><strong>Ocii</strong></span> <span class='ocrx_word' id='word_1_408' title='bbox 4232 4050 4465 4135; x_wconf 88' lang='lat' dir='ltr'><strong>nobis,</strong></span> <span class='ocrx_word' id='word_1_409' title='bbox 4512 4067 4602 4123; x_wconf 91' lang='lat' dir='ltr'><strong>ut</strong></span> <span class='ocrx_word' id='word_1_410' title='bbox 4625 4052 4740 4120; x_wconf 77' lang='lat' dir='ltr'><strong>vi-</strong></span> 
     </span>
     <span class='ocr_line' id='line_1_59' title="bbox 2741 4146 3934 4240; baseline 0.001 -19"><span class='ocrx_word' id='word_1_411' title='bbox 2741 4154 2899 4234; x_wconf 88' lang='lat' dir='ltr'><strong>des,</strong></span> <span class='ocrx_word' id='word_1_412' title='bbox 2949 4146 3136 4219; x_wconf 86' lang='lat' dir='ltr'><strong>nihil</strong></span> <span class='ocrx_word' id='word_1_413' title='bbox 3166 4152 3565 4220; x_wconf 88' lang='lat' dir='ltr'><strong>concedunt</strong></span> <span class='ocrx_word' id='word_1_414' title='bbox 3593 4163 3934 4240; x_wconf 86' lang='lat' dir='ltr'><strong>tempora.</strong></span> 
     </span>
    </p>
   </div>
   <div class='ocr_carea' id='block_1_13' title="bbox 781 3928 2635 4164">
    <p class='ocr_par' dir='ltr' id='par_1_13' title="bbox 781 3928 2635 4164">
     <span class='ocr_line' id='line_1_60' title="bbox 1197 3928 2084 4019; baseline 0.006 -6"><span class='ocrx_word' id='word_1_415' title='bbox 1197 3930 1497 4016; x_wconf 78' lang='lat' dir='ltr'><strong>Ioach.</strong></span> <span class='ocrx_word' id='word_1_416' title='bbox 1566 3928 2084 4019; x_wconf 76' lang='lat' dir='ltr'><strong>camerario.</strong></span> 
     </span>
     <span class='ocr_line' id='line_1_61' title="bbox 781 4084 2635 4164; baseline 0.005 -27"><span class='ocrx_word' id='word_1_417' title='bbox 781 4084 956 4157; x_wconf 76' lang='lat' dir='ltr'><strong>Epist.</strong></span> <span class='ocrx_word' id='word_1_418' title='bbox 981 4087 1048 4140; x_wconf 84' lang='lat' dir='ltr'><strong>ad</strong></span> <span class='ocrx_word' id='word_1_419' title='bbox 1080 4087 1359 4145; x_wconf 75' lang='lat' dir='ltr'><strong>Camerar.</strong></span> <span class='ocrx_word' id='word_1_420' title='bbox 1393 4108 1447 4162; x_wconf 83' lang='lat' dir='ltr'><strong>p.</strong></span> <span class='ocrx_word' id='word_1_421' title='bbox 1476 4090 1578 4144; x_wconf 70' lang='grc'><strong>514</strong></span> <span class='ocrx_word' id='word_1_422' title='bbox 1611 4110 1696 4164; x_wconf 81' lang='lat' dir='ltr'><strong>sq.</strong></span> <span class='ocrx_word' id='word_1_423' title='bbox 1747 4091 1853 4159; x_wconf 86' lang='lat' dir='ltr'><strong>(ed.</strong></span> <span class='ocrx_word' id='word_1_424' title='bbox 1881 4088 2059 4145; x_wconf 81' lang='lat' dir='ltr'><strong>Lond.</strong></span> <span class='ocrx_word' id='word_1_425' title='bbox 2090 4088 2189 4145; x_wconf 86' lang='lat' dir='ltr'><strong>lib.</strong></span> <span class='ocrx_word' id='word_1_426' title='bbox 2221 4089 2319 4146; x_wconf 81' lang='lat' dir='ltr'><strong>lv,</strong></span> <span class='ocrx_word' id='word_1_427' title='bbox 2358 4110 2445 4163; x_wconf 86' lang='lat' dir='ltr'><strong>ep.</strong></span> <span class='ocrx_word' id='word_1_428' title='bbox 2472 4092 2635 4163; x_wconf 84' lang='lat'><strong>665.).</strong></span> 
     </span>
    </p>
   </div>
   <div class='ocr_carea' id='block_1_14' title="bbox 648 4229 2640 4520">
    <p class='ocr_par' dir='ltr' id='par_1_14' title="bbox 648 4229 2640 4520">
     <span class='ocr_line' id='line_1_62' title="bbox 649 4229 2640 4343; baseline 0.002 -33"><span class='ocrx_word' id='word_1_429' title='bbox 649 4229 1105 4313; x_wconf 84' lang='lat' dir='ltr'><strong>Clarissimo</strong></span> <span class='ocrx_word' id='word_1_430' title='bbox 1154 4242 1311 4314; x_wconf 76' lang='lat' dir='ltr'><strong>viro</strong></span> <span class='ocrx_word' id='word_1_431' title='bbox 1354 4237 1760 4314; x_wconf 84' lang='lat' dir='ltr'><strong>eruditione</strong></span> <span class='ocrx_word' id='word_1_432' title='bbox 1809 4253 1873 4314; x_wconf 96' lang='lat' dir='ltr'><strong>et</strong></span> <span class='ocrx_word' id='word_1_433' title='bbox 1923 4242 2183 4315; x_wconf 79' lang='lat' dir='ltr'><strong>virtute</strong></span> <span class='ocrx_word' id='word_1_434' title='bbox 2218 4243 2640 4343; x_wconf 83' lang='lat' dir='ltr'><strong>praestanti</strong></span> 
     </span>
     <span class='ocr_line' id='line_1_63' title="bbox 648 4338 2638 4441; baseline 0.005 -29"><span class='ocrx_word' id='word_1_435' title='bbox 648 4338 823 4414; x_wconf 92' lang='lat' dir='ltr'><strong>Ioa</strong></span> <span class='ocrx_word' id='word_1_436' title='bbox 843 4338 968 4415; x_wconf 81' lang='lat' dir='ltr'><strong>ch.</strong></span> <span class='ocrx_word' id='word_1_437' title='bbox 1037 4339 1302 4417; x_wconf 91' lang='lat' dir='ltr'><strong>Came</strong></span> <span class='ocrx_word' id='word_1_438' title='bbox 1323 4371 1423 4417; x_wconf 89' lang='lat' dir='ltr'><strong>ra</strong></span> <span class='ocrx_word' id='word_1_439' title='bbox 1443 4344 1581 4416; x_wconf 91' lang='lat' dir='ltr'><strong>rio</strong></span> <span class='ocrx_word' id='word_1_440' title='bbox 1637 4339 2131 4441; x_wconf 76' lang='lat' dir='ltr'><strong>Pabergensi,</strong></span> <span class='ocrx_word' id='word_1_441' title='bbox 2211 4351 2451 4420; x_wconf 86' lang='lat' dir='ltr'><strong>amico</strong></span> <span class='ocrx_word' id='word_1_442' title='bbox 2501 4374 2638 4421; x_wconf 86' lang='lat' dir='ltr'><strong>suo</strong></span> 
     </span>
     <span class='ocr_line' id='line_1_64' title="bbox 1515 4471 1774 4520; baseline -0.008 0"><span class='ocrx_word' id='word_1_443' title='bbox 1515 4471 1774 4520; x_wconf 74' lang='lat' dir='ltr'><strong>carass.</strong></span> 
     </span>
    </p>
   </div>
   <div class='ocr_carea' id='block_1_15' title="bbox 2686 4295 4744 5312">
    <p class='ocr_par' dir='ltr' id='par_1_15' title="bbox 2686 4295 4744 5312">
     <span class='ocr_line' id='line_1_65' title="bbox 2940 4295 4738 4395; baseline 0.004 -22"><span class='ocrx_word' id='word_1_444' title='bbox 2940 4300 3049 4373; x_wconf 87' lang='lat' dir='ltr'><strong>De</strong></span> <span class='ocrx_word' id='word_1_445' title='bbox 3097 4295 3186 4371; x_wconf 87' lang='lat' dir='ltr'><em>F</em></span> <span class='ocrx_word' id='word_1_446' title='bbox 3176 4295 3431 4372; x_wconf 81' lang='lat' dir='ltr'><strong>uchsio</strong></span> <span class='ocrx_word' id='word_1_447' title='bbox 3460 4305 3665 4373; x_wconf 86' lang='lat' dir='ltr'><strong>valde</strong></span> <span class='ocrx_word' id='word_1_448' title='bbox 3710 4305 3933 4395; x_wconf 91' lang='lat' dir='ltr'><strong>probo</strong></span> <span class='ocrx_word' id='word_1_449' title='bbox 3978 4305 4357 4375; x_wconf 89' lang='lat' dir='ltr'><strong>consilium</strong></span> <span class='ocrx_word' id='word_1_450' title='bbox 4396 4321 4738 4383; x_wconf 89' lang='lat' dir='ltr'><strong>vestrum.</strong></span> 
     </span>
     <span class='ocr_line' id='line_1_66' title="bbox 2686 4397 4740 4508; baseline 0.001 -29"><span class='ocrx_word' id='word_1_451' title='bbox 2686 4406 2689 4448; x_wconf 38' lang='lat'><strong>*¹</strong></span> <span class='ocrx_word' id='word_1_452' title='bbox 2749 4402 2976 4480; x_wconf 78' lang='grc' dir='ltr'><em>οἶσθα</em></span> <span class='ocrx_word' id='word_1_453' title='bbox 3021 4399 3104 4478; x_wconf 77' lang='grc' dir='ltr'><strong>δὲ</strong></span> <span class='ocrx_word' id='word_1_454' title='bbox 3127 4400 3362 4500; x_wconf 81' lang='grc' dir='ltr'><strong><em>χολὴν</em></strong></span> <span class='ocrx_word' id='word_1_455' title='bbox 3400 4409 3538 4478; x_wconf 85' lang='grc' dir='ltr'><strong>τοῦ</strong></span> <span class='ocrx_word' id='word_1_456' title='bbox 3580 4409 3727 4479; x_wconf 79' lang='grc' dir='ltr'><strong>νῦν</strong></span> <span class='ocrx_word' id='word_1_457' title='bbox 3759 4397 4276 4503; x_wconf 77' lang='grc' dir='ltr'><strong>ἀριστεύοντας</strong></span> <span class='ocrx_word' id='word_1_458' title='bbox 4323 4406 4410 4480; x_wconf 79' lang='grc' dir='ltr'><strong>ἐν</strong></span> <span class='ocrx_word' id='word_1_459' title='bbox 4453 4409 4740 4508; x_wconf 73' lang='grc' dir='ltr'><em>ἰατροῖς</em></span> 
     </span>
     <span class='ocr_line' id='line_1_67' title="bbox 2745 4504 4737 4606; baseline 0 -24"><span class='ocrx_word' id='word_1_460' title='bbox 2745 4505 3238 4606; x_wconf 46' lang='lat' dir='ltr'><strong>tia-stipas).</strong></span> <span class='ocrx_word' id='word_1_461' title='bbox 3354 4504 3535 4576; x_wconf 91' lang='lat' dir='ltr'><strong>Eius</strong></span> <span class='ocrx_word' id='word_1_462' title='bbox 3577 4521 3769 4578; x_wconf 91' lang='lat' dir='ltr'><strong>metu</strong></span> <span class='ocrx_word' id='word_1_463' title='bbox 3816 4508 4137 4579; x_wconf 86' lang='lat' dir='ltr'><strong>timidius</strong></span> <span class='ocrx_word' id='word_1_464' title='bbox 4169 4512 4400 4601; x_wconf 88' lang='lat' dir='ltr'><strong>probo</strong></span> <span class='ocrx_word' id='word_1_465' title='bbox 4446 4528 4737 4584; x_wconf 88' lang='lat' dir='ltr'><strong>senten-</strong></span> 
     </span>
     <span class='ocr_line' id='line_1_68' title="bbox 2690 4604 4737 4702; baseline 0 -17"><span class='ocrx_word' id='word_1_466' title='bbox 2690 4689 2691 4699; x_wconf 23' lang='lat'><strong>,</strong></span> <span class='ocrx_word' id='word_1_467' title='bbox 2749 4614 2921 4684; x_wconf 85' lang='lat' dir='ltr'><strong>tiam</strong></span> <span class='ocrx_word' id='word_1_468' title='bbox 2964 4635 3253 4691; x_wconf 90' lang='lat' dir='ltr'><strong>eorum,</strong></span> <span class='ocrx_word' id='word_1_469' title='bbox 3317 4610 3444 4702; x_wconf 89' lang='lat' dir='ltr'><strong>qui</strong></span> <span class='ocrx_word' id='word_1_470' title='bbox 3487 4604 3874 4680; x_wconf 84' lang='lat' dir='ltr'><strong>Fuchsium</strong></span> <span class='ocrx_word' id='word_1_471' title='bbox 3920 4634 4149 4680; x_wconf 87' lang='lat' dir='ltr'><strong>acrem</strong></span> <span class='ocrx_word' id='word_1_472' title='bbox 4201 4613 4444 4682; x_wconf 82' lang='lat' dir='ltr'><strong>virum</strong></span> <span class='ocrx_word' id='word_1_473' title='bbox 4501 4638 4737 4685; x_wconf 87' lang='lat' dir='ltr'><strong>accer-</strong></span> 
     </span>
     <span class='ocr_line' id='line_1_69' title="bbox 2690 4711 4736 4808; baseline 0 -22"><span class='ocrx_word' id='word_1_474' title='bbox 2690 4774 2693 4798; x_wconf 74' lang='lat'><strong>,</strong></span> <span class='ocrx_word' id='word_1_475' title='bbox 2749 4730 2936 4786; x_wconf 91' lang='lat' dir='ltr'><strong>sunt.</strong></span> <span class='ocrx_word' id='word_1_476' title='bbox 2991 4715 2999 4728; x_wconf 87' lang='lat'>&#39;</span> <span class='ocrx_word' id='word_1_477' title='bbox 3054 4712 3190 4784; x_wconf 84' lang='lat' dir='ltr'><strong>Sed</strong></span> <span class='ocrx_word' id='word_1_478' title='bbox 3250 4711 3382 4782; x_wconf 91' lang='lat' dir='ltr'><strong>tibi</strong></span> <span class='ocrx_word' id='word_1_479' title='bbox 3428 4725 3725 4805; x_wconf 86' lang='lat' dir='ltr'><strong>uterque</strong></span> <span class='ocrx_word' id='word_1_480' title='bbox 3773 4712 4011 4781; x_wconf 89' lang='lat' dir='ltr'><strong>notior</strong></span> <span class='ocrx_word' id='word_1_481' title='bbox 4056 4726 4195 4795; x_wconf 88' lang='lat' dir='ltr'><strong>est,</strong></span> <span class='ocrx_word' id='word_1_482' title='bbox 4261 4740 4480 4808; x_wconf 86' lang='lat' dir='ltr'><strong>quam</strong></span> <span class='ocrx_word' id='word_1_483' title='bbox 4530 4712 4736 4792; x_wconf 87' lang='lat' dir='ltr'><strong>mibi.</strong></span> 
     </span>
     <span class='ocr_line' id='line_1_70' title="bbox 2701 4804 4736 4902; baseline 0.002 -15"><span class='ocrx_word' id='word_1_484' title='bbox 2701 4858 2702 4866; x_wconf 25' lang='grc' dir='ltr'><strong>κ</strong></span> <span class='ocrx_word' id='word_1_485' title='bbox 2743 4817 2852 4889; x_wconf 89' lang='lat' dir='ltr'><strong>De</strong></span> <span class='ocrx_word' id='word_1_486' title='bbox 2885 4816 3138 4885; x_wconf 88' lang='lat' dir='ltr'><strong>litteris</strong></span> <span class='ocrx_word' id='word_1_487' title='bbox 3165 4805 3254 4881; x_wconf 87' lang='lat' dir='ltr'><em>F</em></span> <span class='ocrx_word' id='word_1_488' title='bbox 3243 4804 3488 4882; x_wconf 82' lang='lat' dir='ltr'><strong>uchsii</strong></span> <span class='ocrx_word' id='word_1_489' title='bbox 3515 4814 3791 4884; x_wconf 87' lang='lat' dir='ltr'><strong>affirmo</strong></span> <span class='ocrx_word' id='word_1_490' title='bbox 3830 4815 4017 4885; x_wconf 92' lang='lat' dir='ltr'><strong>bona</strong></span> <span class='ocrx_word' id='word_1_491' title='bbox 4046 4816 4222 4902; x_wconf 88' lang='lat' dir='ltr'><strong>fide,</strong></span> <span class='ocrx_word' id='word_1_492' title='bbox 4268 4840 4381 4886; x_wconf 87' lang='lat' dir='ltr'><strong>mc</strong></span> <span class='ocrx_word' id='word_1_493' title='bbox 4421 4844 4621 4890; x_wconf 91' lang='lat' dir='ltr'><strong>nunc</strong></span> <span class='ocrx_word' id='word_1_494' title='bbox 4651 4820 4736 4891; x_wconf 87' lang='lat' dir='ltr'><strong>ab</strong></span> 
     </span>
     <span class='ocr_line' id='line_1_71' title="bbox 2745 4910 4742 5012; baseline 0.004 -25"><span class='ocrx_word' id='word_1_495' title='bbox 2745 4941 2828 4987; x_wconf 90' lang='lat' dir='ltr'><strong>eo</strong></span> <span class='ocrx_word' id='word_1_496' title='bbox 2874 4938 2956 4985; x_wconf 88' lang='lat' dir='ltr'><strong>ex</strong></span> <span class='ocrx_word' id='word_1_497' title='bbox 2991 4910 3104 4985; x_wconf 90' lang='lat' dir='ltr'><strong>his</strong></span> <span class='ocrx_word' id='word_1_498' title='bbox 3146 4915 3495 4985; x_wconf 89' lang='lat' dir='ltr'><strong>nundinis</strong></span> <span class='ocrx_word' id='word_1_499' title='bbox 3543 4911 3730 4986; x_wconf 86' lang='lat' dir='ltr'><strong>nihil</strong></span> <span class='ocrx_word' id='word_1_500' title='bbox 3779 4917 4173 4988; x_wconf 89' lang='lat' dir='ltr'><strong>litterarum</strong></span> <span class='ocrx_word' id='word_1_501' title='bbox 4217 4921 4616 5012; x_wconf 84' lang='lat' dir='ltr'><strong>accepisse,</strong></span> <span class='ocrx_word' id='word_1_502' title='bbox 4662 4946 4742 4994; x_wconf 87' lang='lat' dir='ltr'><strong>ac</strong></span> 
     </span>
     <span class='ocr_line' id='line_1_72' title="bbox 2745 5017 4744 5114; baseline 0.004 -26"><span class='ocrx_word' id='word_1_503' title='bbox 2745 5018 3063 5111; x_wconf 87' lang='lat' dir='ltr'><strong>suspicor</strong></span> <span class='ocrx_word' id='word_1_504' title='bbox 3110 5017 3273 5087; x_wconf 89' lang='lat' dir='ltr'><strong>illas</strong></span> <span class='ocrx_word' id='word_1_505' title='bbox 3319 5019 3409 5087; x_wconf 90' lang='lat' dir='ltr'><strong>de</strong></span> <span class='ocrx_word' id='word_1_506' title='bbox 3450 5017 3709 5111; x_wconf 86' lang='lat' dir='ltr'><strong>quibus</strong></span> <span class='ocrx_word' id='word_1_507' title='bbox 3753 5018 4034 5104; x_wconf 85' lang='lat' dir='ltr'><strong>scribit,</strong></span> <span class='ocrx_word' id='word_1_508' title='bbox 4099 5020 4532 5114; x_wconf 88' lang='lat' dir='ltr'><strong>interceptas</strong></span> <span class='ocrx_word' id='word_1_509' title='bbox 4594 5047 4744 5096; x_wconf 81' lang='lat' dir='ltr'><strong>esse</strong></span> 
     </span>
     <span class='ocr_line' id='line_1_73' title="bbox 2697 5111 4744 5216; baseline 0.005 -29"><span class='ocrx_word' id='word_1_510' title='bbox 2697 5182 2698 5187; x_wconf 75' lang='grc'>,</span> <span class='ocrx_word' id='word_1_511' title='bbox 2742 5123 2832 5192; x_wconf 86' lang='lat' dir='ltr'><strong>ab</strong></span> <span class='ocrx_word' id='word_1_512' title='bbox 2862 5121 2988 5191; x_wconf 87' lang='lat' dir='ltr'><strong>illo</strong></span> <span class='ocrx_word' id='word_1_513' title='bbox 3017 5111 3172 5213; x_wconf 78' lang='lat' dir='ltr'><strong>ipso</strong></span> <span class='ocrx_word' id='word_1_514' title='bbox 3202 5120 3669 5191; x_wconf 86' lang='lat' dir='ltr'><strong>audacissimo</strong></span> <span class='ocrx_word' id='word_1_515' title='bbox 3698 5115 4028 5206; x_wconf 89' lang='lat' dir='ltr'><strong>homine,</strong></span> <span class='ocrx_word' id='word_1_516' title='bbox 4059 5123 4149 5192; x_wconf 90' lang='lat' dir='ltr'><strong>de</strong></span> <span class='ocrx_word' id='word_1_517' title='bbox 4180 5148 4329 5216; x_wconf 89' lang='lat' dir='ltr'><strong>quo</strong></span> <span class='ocrx_word' id='word_1_518' title='bbox 4359 5124 4590 5198; x_wconf 89' lang='lat' dir='ltr'><strong>locuti</strong></span> <span class='ocrx_word' id='word_1_519' title='bbox 4618 5150 4744 5198; x_wconf 83' lang='lat' dir='ltr'><strong>su-</strong></span> 
     </span>
     <span class='ocr_line' id='line_1_74' title="bbox 2742 5220 4744 5312; baseline 0.005 -20"><span class='ocrx_word' id='word_1_520' title='bbox 2742 5246 2937 5308; x_wconf 88' lang='lat' dir='ltr'><strong>mus,</strong></span> <span class='ocrx_word' id='word_1_521' title='bbox 2999 5248 3161 5295; x_wconf 92' lang='lat' dir='ltr'><strong>cum</strong></span> <span class='ocrx_word' id='word_1_522' title='bbox 3222 5221 3379 5295; x_wconf 88' lang='lat' dir='ltr'><strong>istic</strong></span> <span class='ocrx_word' id='word_1_523' title='bbox 3439 5245 3685 5299; x_wconf 83' lang='lat' dir='ltr'><strong>essem.</strong></span> <span class='ocrx_word' id='word_1_524' title='bbox 3806 5220 4000 5312; x_wconf 80' lang='lat' dir='ltr'><strong>Bene</strong></span> <span class='ocrx_word' id='word_1_525' title='bbox 4040 5226 4237 5310; x_wconf 79' lang='lat' dir='ltr'><strong>vale,</strong></span> <span class='ocrx_word' id='word_1_526' title='bbox 4307 5224 4521 5304; x_wconf 89' lang='lat' dir='ltr'><strong>VIII.</strong></span> <span class='ocrx_word' id='word_1_527' title='bbox 4564 5225 4744 5302; x_wconf 79' lang='lat' dir='ltr'><strong>Idus</strong></span> 
     </span>
    </p>
   </div>
   <div class='ocr_carea' id='block_1_16' title="bbox 2740 5322 2945 5395">
    <p class='ocr_par' dir='ltr' id='par_1_16' title="bbox 2740 5322 2945 5395">
     <span class='ocr_line' id='line_1_75' title="bbox 2740 5322 2945 5395; baseline 0 0"><span class='ocrx_word' id='word_1_528' title='bbox 2740 5322 2945 5395; x_wconf 90' lang='lat' dir='ltr'><strong>Maii.</strong></span> 
     </span>
    </p>
   </div>
   <div class='ocr_carea' id='block_1_17' title="bbox 649 4580 2640 4892">
    <p class='ocr_par' dir='ltr' id='par_1_17' title="bbox 649 4580 2640 4892">
     <span class='ocr_line' id='line_1_76' title="bbox 650 4580 2640 4689; baseline -0.001 -18"><span class='ocrx_word' id='word_1_529' title='bbox 650 4580 745 4671; x_wconf 85' lang='lat' dir='ltr'><strong>S.</strong></span> <span class='ocrx_word' id='word_1_530' title='bbox 795 4596 887 4671; x_wconf 93' lang='lat' dir='ltr'><strong>D.</strong></span> <span class='ocrx_word' id='word_1_531' title='bbox 986 4597 1318 4669; x_wconf 89' lang='lat' dir='ltr'><strong>Tandem</strong></span> <span class='ocrx_word' id='word_1_532' title='bbox 1351 4600 1569 4689; x_wconf 87' lang='lat' dir='ltr'><strong>igitur</strong></span> <span class='ocrx_word' id='word_1_533' title='bbox 1600 4616 1869 4672; x_wconf 87' lang='lat' dir='ltr'><strong>certum</strong></span> <span class='ocrx_word' id='word_1_534' title='bbox 1904 4615 2003 4670; x_wconf 86' lang='lat' dir='ltr'><strong>est</strong></span> <span class='ocrx_word' id='word_1_535' title='bbox 2034 4598 2310 4668; x_wconf 83' lang='lat' dir='ltr'><strong>venisse</strong></span> <span class='ocrx_word' id='word_1_536' title='bbox 2325 4596 2640 4669; x_wconf 88' lang='lat' dir='ltr'><strong>Triden-</strong></span> 
     </span>
     <span class='ocr_line' id='line_1_77' title="bbox 649 4689 2640 4795; baseline 0.001 -22"><span class='ocrx_word' id='word_1_537' title='bbox 649 4716 806 4773; x_wconf 89' lang='lat' dir='ltr'><strong>tum</strong></span> <span class='ocrx_word' id='word_1_538' title='bbox 836 4701 1017 4768; x_wconf 89' lang='lat' dir='ltr'><strong>duos</strong></span> <span class='ocrx_word' id='word_1_539' title='bbox 1048 4701 1312 4789; x_wconf 87' lang='lat' dir='ltr'><strong>legatos</strong></span> <span class='ocrx_word' id='word_1_540' title='bbox 1341 4698 1790 4785; x_wconf 79' lang='lat' dir='ltr'><strong>Pontificius,</strong></span> <span class='ocrx_word' id='word_1_541' title='bbox 1847 4716 1914 4774; x_wconf 89' lang='lat' dir='ltr'><strong>et</strong></span> <span class='ocrx_word' id='word_1_542' title='bbox 1945 4689 2221 4772; x_wconf 85' lang='lat' dir='ltr'><strong>Caroli</strong></span> <span class='ocrx_word' id='word_1_543' title='bbox 2250 4698 2640 4795; x_wconf 89' lang='lat' dir='ltr'><strong>Imperato-</strong></span> 
     </span>
     <span class='ocr_line' id='line_1_78' title="bbox 652 4799 2640 4892; baseline 0.001 -19"><span class='ocrx_word' id='word_1_544' title='bbox 652 4804 752 4873; x_wconf 90' lang='lat' dir='ltr'><strong>ris</strong></span> <span class='ocrx_word' id='word_1_545' title='bbox 780 4804 1126 4892; x_wconf 84' lang='lat' dir='ltr'><strong>legatum,</strong></span> <span class='ocrx_word' id='word_1_546' title='bbox 1170 4799 1296 4892; x_wconf 87' lang='lat' dir='ltr'><strong>qui</strong></span> <span class='ocrx_word' id='word_1_547' title='bbox 1328 4802 1648 4873; x_wconf 87' lang='lat' dir='ltr'><strong>oratione</strong></span> <span class='ocrx_word' id='word_1_548' title='bbox 1682 4805 1759 4873; x_wconf 89' lang='lat' dir='ltr'><strong>in</strong></span> <span class='ocrx_word' id='word_1_549' title='bbox 1789 4828 2117 4876; x_wconf 87' lang='lat' dir='ltr'><strong>consessu</strong></span> <span class='ocrx_word' id='word_1_550' title='bbox 2149 4809 2473 4877; x_wconf 90' lang='lat' dir='ltr'><strong>nondum</strong></span> <span class='ocrx_word' id='word_1_551' title='bbox 2502 4806 2640 4875; x_wconf 82' lang='lat' dir='ltr'><strong>fre-</strong></span> 
     </span>
    </p>
   </div>
   <div class='ocr_carea' id='block_1_18' title="bbox 652 5006 1067 5023">
    <p class='ocr_par' dir='ltr' id='par_1_18' title="bbox 652 5006 1067 5023">
     <span class='ocr_line' id='line_1_79' title="bbox 652 5006 1067 5023; baseline 0 1894"><span class='ocrx_word' id='word_1_552' title='bbox 652 5006 1067 5023; x_wconf 95' lang='lat' dir='ltr'><strong> </strong></span> 
     </span>
    </p>
   </div>
   <div class='ocr_carea' id='block_1_19' title="bbox 721 5089 2638 5244">
    <p class='ocr_par' dir='ltr' id='par_1_19' title="bbox 721 5089 2638 5244">
     <span class='ocr_line' id='line_1_80' title="bbox 721 5089 2638 5184; baseline 0.001 -17"><span class='ocrx_word' id='word_1_553' title='bbox 721 5115 775 5181; x_wconf 84' lang='lat'><strong>1)</strong></span> <span class='ocrx_word' id='word_1_554' title='bbox 811 5089 1149 5165; x_wconf 74' lang='lat' dir='ltr'><strong>Hensetiurn</strong></span> <span class='ocrx_word' id='word_1_555' title='bbox 1171 5108 1211 5162; x_wconf 85' lang='grc' dir='ltr'><strong>ἰ.</strong></span> <span class='ocrx_word' id='word_1_556' title='bbox 1229 5126 1280 5163; x_wconf 83' lang='grc' dir='ltr'><strong>ε.</strong></span> <span class='ocrx_word' id='word_1_557' title='bbox 1306 5104 1423 5162; x_wconf 70' lang='lat'><strong>1012.</strong></span> <span class='ocrx_word' id='word_1_558' title='bbox 1440 5104 1593 5176; x_wconf 84' lang='lat' dir='ltr'><strong>Bapt.</strong></span> <span class='ocrx_word' id='word_1_559' title='bbox 1608 5101 1839 5160; x_wconf 69' lang='lat' dir='ltr'><strong>aeaut.</strong></span> <span class='ocrx_word' id='word_1_560' title='bbox 1890 5102 2015 5161; x_wconf 84' lang='lat' dir='ltr'><strong>Vid.</strong></span> <span class='ocrx_word' id='word_1_561' title='bbox 2041 5104 2195 5177; x_wconf 83' lang='lat' dir='ltr'><strong>epist.</strong></span> <span class='ocrx_word' id='word_1_562' title='bbox 2214 5106 2268 5162; x_wconf 87' lang='lat' dir='ltr'><strong>d.</strong></span> <span class='ocrx_word' id='word_1_563' title='bbox 2285 5108 2338 5163; x_wconf 89' lang='lat' dir='ltr'><strong>d.</strong></span> <span class='ocrx_word' id='word_1_564' title='bbox 2353 5112 2403 5163; x_wconf 92' lang='grc'><strong>5.</strong></span> <span class='ocrx_word' id='word_1_565' title='bbox 2421 5109 2638 5184; x_wconf 78' lang='lat' dir='ltr'><strong>septbr.</strong></span> 
     </span>
     <span class='ocr_line' id='line_1_81' title="bbox 792 5176 1442 5244; baseline -0.009 -10"><span class='ocrx_word' id='word_1_566' title='bbox 792 5181 948 5234; x_wconf 80' lang='lat'><strong>1555.</strong></span> <span class='ocrx_word' id='word_1_567' title='bbox 982 5176 1442 5244; x_wconf 74' lang='lat' dir='ltr'><strong>(Foerstemann.)</strong></span> 
     </span>
    </p>
   </div>
   <div class='ocr_carea' id='block_1_20' title="bbox 718 5257 1897 5335">
    <p class='ocr_par' dir='ltr' id='par_1_20' title="bbox 718 5257 1897 5335">
     <span class='ocr_line' id='line_1_82' title="bbox 718 5257 1897 5335; baseline 0.001 -22"><span class='ocrx_word' id='word_1_568' title='bbox 718 5268 777 5335; x_wconf 78' lang='lat'><strong>2)</strong></span> <span class='ocrx_word' id='word_1_569' title='bbox 817 5262 942 5316; x_wconf 87' lang='lat' dir='ltr'><strong>Vid.</strong></span> <span class='ocrx_word' id='word_1_570' title='bbox 974 5276 1137 5329; x_wconf 81' lang='lat' dir='ltr'><strong>supra</strong></span> <span class='ocrx_word' id='word_1_571' title='bbox 1162 5278 1284 5330; x_wconf 83' lang='lat' dir='ltr'><strong>epp.</strong></span> <span class='ocrx_word' id='word_1_572' title='bbox 1307 5258 1360 5315; x_wconf 84' lang='lat' dir='ltr'><strong>d.</strong></span> <span class='ocrx_word' id='word_1_573' title='bbox 1382 5260 1467 5313; x_wconf 73' lang='lat'><strong>24.</strong></span> <span class='ocrx_word' id='word_1_574' title='bbox 1495 5264 1626 5332; x_wconf 83' lang='lat' dir='ltr'><strong>Apr.</strong></span> <span class='ocrx_word' id='word_1_575' title='bbox 1652 5257 1897 5331; x_wconf 78' lang='lat' dir='ltr'><strong>scriptas.</strong></span> 
     </span>
    </p>
   </div>
   <div class='ocr_carea' id='block_1_21' title="bbox 718 5342 2633 5557">
    <p class='ocr_par' dir='ltr' id='par_1_21' title="bbox 718 5342 2633 5557">
     <span class='ocr_line' id='line_1_83' title="bbox 718 5342 2632 5475; baseline -0.033 -19"><span class='ocrx_word' id='word_1_576' title='bbox 718 5355 779 5422; x_wconf 62' lang='grc'><strong>8)</strong></span> <span class='ocrx_word' id='word_1_577' title='bbox 790 5343 1550 5475; x_wconf 44' lang='grc' dir='ltr'><strong>ἀᾶιενῖἵιῖἑοῐὶὶιιὶὶτξέΐῗοέ</strong></span> <span class='ocrx_word' id='word_1_578' title='bbox 1582 5342 1777 5467; x_wconf 57' lang='lat'><strong>‘55713&#39;’</strong></span> <span class='ocrx_word' id='word_1_579' title='bbox 1787 5382 1806 5413; x_wconf 61' lang='grc' dir='ltr'><strong>ν</strong></span> <span class='ocrx_word' id='word_1_580' title='bbox 1806 5344 1976 5468; x_wconf 39' lang='lat' dir='ltr'><strong>vehi-t</strong></span> <span class='ocrx_word' id='word_1_581' title='bbox 1998 5346 2164 5469; x_wconf 56' lang='grc' dir='ltr'>ῐῑὶἱροι</span> <span class='ocrx_word' id='word_1_582' title='bbox 2167 5348 2461 5468; x_wconf 38' lang='lat' dir='ltr'><strong>x§ttssllstae</strong></span> <span class='ocrx_word' id='word_1_583' title='bbox 2489 5349 2632 5405; x_wconf 82' lang='lat' dir='ltr'><strong>Vin-</strong></span> 
     </span>
     <span class='ocr_line' id='line_1_84' title="bbox 783 5418 2633 5557; baseline -0.038 -10"><span class='ocrx_word' id='word_1_584' title='bbox 783 5441 907 5546; x_wconf 46' lang='lat'><strong>6:12</strong></span> <span class='ocrx_word' id='word_1_585' title='bbox 944 5433 1495 5557; x_wconf 71' lang='lat' dir='ltr'><strong>(Feci-rtemann.)¹³¹⁸</strong></span> <span class='ocrx_word' id='word_1_586' title='bbox 1572 5418 1623 5482; x_wconf 64' lang='lat' dir='ltr'><strong>(e</strong></span> <span class='ocrx_word' id='word_1_587' title='bbox 1669 5452 1685 5469; x_wconf 81' lang='lat'><em>⁰</em></span> <span class='ocrx_word' id='word_1_588' title='bbox 1748 5433 1777 5466; x_wconf 55' lang='grc' dir='ltr'>ε</span> <span class='ocrx_word' id='word_1_589' title='bbox 1903 5433 1931 5467; x_wconf 65' lang='lat'><strong>⁸</strong></span> <span class='ocrx_word' id='word_1_590' title='bbox 1982 5419 2021 5484; x_wconf 68' lang='lat'><strong>⁰)</strong></span> <span class='ocrx_word' id='word_1_591' title='bbox 2098 5455 2113 5471; x_wconf 85' lang='lat'><em>⁰</em></span> <span class='ocrx_word' id='word_1_592' title='bbox 2220 5456 2236 5473; x_wconf 93' lang='lat'><strong>·</strong></span> <span class='ocrx_word' id='word_1_593' title='bbox 2265 5438 2319 5489; x_wconf 78' lang='grc' dir='ltr'><strong>Ρ·</strong></span> <span class='ocrx_word' id='word_1_594' title='bbox 2347 5420 2471 5481; x_wconf 75' lang='lat'><strong>612.</strong></span> <span class='ocrx_word' id='word_1_595' title='bbox 2509 5422 2633 5479; x_wconf 75' lang='lat'><strong>613.</strong></span> 
     </span>
    </p>
   </div>
   <div class='ocr_carea' id='block_1_22' title="bbox 715 5565 2633 5769">
    <p class='ocr_par' dir='ltr' id='par_1_22' title="bbox 715 5565 2633 5769">
     <span class='ocr_line' id='line_1_85' title="bbox 715 5565 2628 5692; baseline -0.004 -62"><span class='ocrx_word' id='word_1_596' title='bbox 715 5573 973 5660; x_wconf 52' lang='lat' dir='ltr'><strong>4)·Dicm</strong></span> <span class='ocrx_word' id='word_1_597' title='bbox 1009 5581 1061 5626; x_wconf 77' lang='lat' dir='ltr'><strong>et</strong></span> <span class='ocrx_word' id='word_1_598' title='bbox 1099 5584 1345 5649; x_wconf 53' lang='lat' dir='ltr'><strong>mensem</strong></span> <span class='ocrx_word' id='word_1_599' title='bbox 1391 5586 1504 5620; x_wconf 84' lang='lat' dir='ltr'><strong>nou</strong></span> <span class='ocrx_word' id='word_1_600' title='bbox 1543 5567 1702 5621; x_wconf 78' lang='lat' dir='ltr'><strong>babet</strong></span> <span class='ocrx_word' id='word_1_601' title='bbox 1729 5565 1995 5653; x_wconf 52' lang='lat' dir='ltr'><strong>Sionem</strong></span> <span class='ocrx_word' id='word_1_602' title='bbox 2028 5587 2087 5692; x_wconf 57' lang='grc' dir='ltr'><strong>ξ.</strong></span> <span class='ocrx_word' id='word_1_603' title='bbox 2126 5569 2285 5635; x_wconf 72' lang='grc'><strong>261..</strong></span> <span class='ocrx_word' id='word_1_604' title='bbox 2318 5591 2462 5644; x_wconf 82' lang='lat' dir='ltr'><strong>quan</strong></span> <span class='ocrx_word' id='word_1_605' title='bbox 2506 5593 2628 5629; x_wconf 63' lang='lat' dir='ltr'><strong>uam</strong></span> 
     </span>
     <span class='ocr_line' id='line_1_86' title="bbox 786 5635 2633 5769; baseline 0.001 -71"><span class='ocrx_word' id='word_1_606' title='bbox 786 5640 1141 5769; x_wconf 36' lang='lat' dir='ltr'><strong>:praiz-²360.</strong></span> <span class='ocrx_word' id='word_1_607' title='bbox 1176 5637 1398 5692; x_wconf 67' lang='lat' dir='ltr'><strong>scu-thuna</strong></span> <span class='ocrx_word' id='word_1_608' title='bbox 1447 5640 1641 5718; x_wconf 54' lang='lat' dir='ltr'><strong>„flata</strong></span> <span class='ocrx_word' id='word_1_609' title='bbox 1670 5635 1725 5689; x_wconf 83' lang='grc'><strong>7.</strong></span> <span class='ocrx_word' id='word_1_610' title='bbox 1755 5636 1894 5691; x_wconf 77' lang='lat' dir='ltr'><strong>Mau</strong></span> <span class='ocrx_word' id='word_1_611' title='bbox 1924 5635 2026 5691; x_wconf 74' lang='lat'><strong>154</strong></span> <span class='ocrx_word' id='word_1_612' title='bbox 2063 5673 2080 5691; x_wconf 92' lang='lat'><strong>.</strong></span> <span class='ocrx_word' id='word_1_613' title='bbox 2116 5667 2189 5680; x_wconf 93' lang='lat'>—</span> <span class='ocrx_word' id='word_1_614' title='bbox 2255 5640 2442 5696; x_wconf 81' lang='lat' dir='ltr'><strong>Melan</strong></span> <span class='ocrx_word' id='word_1_615' title='bbox 2516 5653 2633 5714; x_wconf 86' lang='lat' dir='ltr'><strong>ton,</strong></span> 
     </span>
    </p>
   </div>
   <div class='ocr_carea' id='block_1_23' title="bbox 3964 5454 4649 5556">
    <p class='ocr_par' dir='ltr' id='par_1_23' title="bbox 3964 5454 4649 5556">
     <span class='ocr_line' id='line_1_87' title="bbox 3964 5454 4649 5556; baseline 0.012 -26"><span class='ocrx_word' id='word_1_616' title='bbox 3964 5454 4234 5556; x_wconf 89' lang='lat' dir='ltr'><strong>Philip.</strong></span> <span class='ocrx_word' id='word_1_617' title='bbox 4277 5459 4649 5547; x_wconf 79' lang='lat' dir='ltr'><strong>Melantb.</strong></span> 
     </span>
    </p>
   </div>
   <div class='ocr_carea' id='block_1_24' title="bbox 2737 5650 3150 5662">
    <p class='ocr_par' dir='ltr' id='par_1_24' title="bbox 2737 5650 3150 5662">
     <span class='ocr_line' id='line_1_88' title="bbox 2737 5650 3150 5662; baseline 0 0"><span class='ocrx_word' id='word_1_618' title='bbox 2737 5650 3150 5662; x_wconf 95' lang='lat' dir='ltr'><strong> </strong></span> 
     </span>
    </p>
   </div>
   <div class='ocr_carea' id='block_1_25' title="bbox 780 5703 2689 5914">
    <p class='ocr_par' dir='ltr' id='par_1_25' title="bbox 780 5703 2689 5914">
     <span class='ocr_line' id='line_1_89' title="bbox 827 5703 2689 5787; baseline -0.001 -23"><span class='ocrx_word' id='word_1_619' title='bbox 827 5734 858 5766; x_wconf 87' lang='lat' dir='ltr'><strong>u</strong></span> <span class='ocrx_word' id='word_1_620' title='bbox 1052 5726 1086 5763; x_wconf 81' lang='lat' dir='ltr'><strong>c</strong></span> <span class='ocrx_word' id='word_1_621' title='bbox 1109 5703 1380 5763; x_wconf 75' lang='lat' dir='ltr'><strong>scribebat</strong></span> <span class='ocrx_word' id='word_1_622' title='bbox 1404 5703 1732 5787; x_wconf 70' lang='grc' dir='ltr'><strong>ΕρυῳΙεηι,</strong></span> <span class='ocrx_word' id='word_1_623' title='bbox 1767 5705 1995 5779; x_wconf 79' lang='lat' dir='ltr'><strong>degebat</strong></span> <span class='ocrx_word' id='word_1_624' title='bbox 2023 5705 2490 5781; x_wconf 80' lang='lat' dir='ltr'><strong>Wittenbergae,</strong></span> <span class='ocrx_word' id='word_1_625' title='bbox 2523 5733 2625 5767; x_wconf 85' lang='lat' dir='ltr'><strong>au·</strong></span> <span class='ocrx_word' id='word_1_626' title='bbox 2687 5760 2689 5762; x_wconf 75' lang='grc'>,</span> 
     </span>
     <span class='ocr_line' id='line_1_90' title="bbox 780 5775 2628 5914; baseline -0.005 -9"><span class='ocrx_word' id='word_1_627' title='bbox 780 5775 1752 5914; x_wconf 55' lang='lat' dir='ltr'><strong>22.322⁰2?f2¹2⁴⁵1÷02&#39;:?:2.zt..?3“</strong></span> <span class='ocrx_word' id='word_1_628' title='bbox 1783 5778 2179 5846; x_wconf 51' lang='lat' dir='ltr'><strong>‘mmm‘</strong></span> <span class='ocrx_word' id='word_1_629' title='bbox 2223 5780 2336 5835; x_wconf 48' lang='grc' dir='ltr'><strong>’ω</strong></span> <span class='ocrx_word' id='word_1_630' title='bbox 2371 5784 2523 5837; x_wconf 55' lang='lat'><strong>*²1⁶</strong></span> <span class='ocrx_word' id='word_1_631' title='bbox 2570 5794 2628 5840; x_wconf 48' lang='grc' dir='ltr'><strong>ε*</strong></span> 
     </span>
    </p>
   </div>
   <div class='ocr_carea' id='block_1_26' title="bbox 2623 1202 2732 5909">
    <p class='ocr_par' dir='ltr' id='par_1_26' title="bbox 2623 1202 2732 5909">
     <span class='ocr_line' id='line_1_91' title="bbox 2623 1202 2732 5909; baseline 0 0"><span class='ocrx_word' id='word_1_632' title='bbox 2623 1202 2732 5909; x_wconf 95' lang='lat' dir='ltr'><strong> </strong></span> 
     </span>
    </p>
   </div>
   <div class='ocr_carea' id='block_1_27' title="bbox 2798 5753 3548 5932">
    <p class='ocr_par' dir='ltr' id='par_1_27' title="bbox 2798 5753 3548 5932">
     <span class='ocr_line' id='line_1_92' title="bbox 2806 5753 3204 5825; baseline 0 -14"><span class='ocrx_word' id='word_1_633' title='bbox 2806 5757 2861 5825; x_wconf 87' lang='grc'><strong>1)</strong></span> <span class='ocrx_word' id='word_1_634' title='bbox 2897 5753 3204 5811; x_wconf 76' lang='lat' dir='ltr'><strong>Bobemiae.</strong></span> 
     </span>
     <span class='ocr_line' id='line_1_93' title="bbox 2798 5854 3548 5932; baseline 0.001 -22"><span class='ocrx_word' id='word_1_635' title='bbox 2798 5855 2861 5923; x_wconf 77' lang='lat'><strong>2)</strong></span> <span class='ocrx_word' id='word_1_636' title='bbox 2898 5855 3246 5913; x_wconf 76' lang='lat' dir='ltr'><strong>Auerbachii.</strong></span> <span class='ocrx_word' id='word_1_637' title='bbox 3318 5854 3385 5912; x_wconf 84' lang='lat' dir='ltr'><strong>C.</strong></span> <span class='ocrx_word' id='word_1_638' title='bbox 3412 5854 3513 5911; x_wconf 89' lang='lat' dir='ltr'>W</span> <span class='ocrx_word' id='word_1_639' title='bbox 3542 5921 3548 5932; x_wconf 37' lang='lat'><strong><em>¹</em></strong></span> 
     </span>
    </p>
   </div>
  </div>
 </body>
</html>
