5325 6917
358 662 466 738 169.
920 653 1385 799 'ttrtsToLAttUM
1436 662 1633 742 ttulit.
1686 666 1822 744 1543.
1880 687 1885 692 ·
1967 674 1970 682 “
2325 676 2399 746 170

358 834 604 907 cavillationes
616 835 707 905 -illae
721 836 822 908 facile
837 836 996 931 possunt.
1047 836 1138 908 Nam
1162 862 1245 909 aera
1267 844 1355 909 sunl
1409 850 1486 907 tum
1520 851 1743 925 nostrorum,
1775 837 1837 933 qui
1864 839 2084 912 doctissimos
2111 839 2275 916 homines
2304 847 2399 938 apud

347 933 488 1033 firma,
516 951 556 1007 ut
578 934 834 1008 Demosthenes
855 941 921 1026 ait,
959 936 1117 1035 ἰσχυρὸν
1143 938 1179 1012 τ’
1206 938 1354 1035 ἀληθὲς.
1409 963 1473 1009 vos
1491 942 1616 1011 audire
1638 953 1672 1012 et
1694 941 1733 1009 in
1755 941 1905 1031 patriam
1929 966 1970 1011 ex
1987 945 2111 1011 vestris
2127 946 2284 1016 fontibus
2299 946 2400 1040 quasi

362 1038 407 1114 V
402 1039 450 1109 iti
470 1039 642 1108 iudicium
663 1037 755 1108 mibi
778 1066 851 1110 non
882 1057 932 1113 est
962 1044 1142 1131 ignotum;
1181 1048 1242 1114 sed
1271 1046 1355 1115 facit
1408 1042 1546 1112 rivulos
1557 1044 1695 1135 aliquos
1711 1042 1922 1112 eruditionis
1936 1046 2113 1113 deducere
2126 1048 2284 1135 cupiunt.
2306 1047 2398 1118 Cum

359 1144 511 1226 iniuste,
541 1143 638 1233 quod
659 1142 698 1210 in
722 1144 976 1214 deliberatione
1001 1157 1095 1214 tanta
1119 1146 1282 1216 derebus
1298 1147 1355 1214 di·
1407 1154 1525 1212 autem
1542 1157 1574 1213 te
1591 1143 1763 1226 sciamus,
1788 1168 1860 1213 non
1881 1146 1994 1215 solum
2012 1146 2189 1230 doctrina,
2216 1149 2397 1217 sedetiam

360 1244 454 1313 vinis
478 1239 555 1323 †de
577 1244 792 1329 suasalute,
825 1247 869 1317 de
885 1246 996 1315 salute
1011 1245 1150 1335 publica
1167 1245 1355 1316 ecclesiae''
1407 1238 1627 1315 humanitate
1642 1243 1681 1311 in
1696 1246 1756 1313 illa
1773 1246 1932 1314 omnium
1950 1243 2398 1337 sapientissimaetbuma-

285 1351 289 1358 ’
360 1340 508 1416 adhibet
522 1343 561 1410 in
575 1346 763 1414 consilium
778 1341 916 1440 suam⁹)
934 1347 1237 1430 malevolentiam,
1263 1373 1353 1441 quae
1406 1343 1551 1415 nissima
1568 1347 1713 1415 natione
1728 1347 1913 1432 excellere,
1942 1361 2044 1440 teque
2061 1360 2205 1439 propter
2227 1348 2398 1419 eruditio·
2471 1434 2475 1438 g

359 1446 510 1537 impedit
526 1441 723 1530 Iudicium,
756 1471 822 1515 nec
837 1447 1025 1541 acquiescit
1040 1450 1145 1516 rebus
1167 1447 1258 1517 veris
1278 1474 1353 1518 me·
1406 1470 1486 1514 nem
1504 1456 1538 1517 et
1552 1459 1700 1517 aetatem
1716 1448 1814 1515 velut
1827 1446 2009 1545 Nestorem
2026 1472 2245 1528 veneremur,
2263 1439 2397 1535 omnes,

359 1547 526 1618 diocriter
541 1546 738 1635 explicatis,
768 1552 825 1615 sed
851 1549 989 1641 quaerit
1011 1549 1253 1619 cavillationes
1276 1550 1352 1620 sine
1406 1547 1469 1638 qui
1490 1548 1610 1617 literas
1627 1548 1854 1617 mediocriter
1871 1550 2080 1633 didicimus,
2105 1551 2256 1618 maxime
2275 1552 2397 1640 cupie-

340 1650 438 1734 vfine.
491 1645 662 1716 Fortassis
686 1650 748 1716 obi
770 1650 874 1717 aliam
898 1652 1017 1719 sedem
1035 1666 1157 1720 nactus
1175 1652 1259 1733 erit,
1284 1676 1352 1742 pu·
1405 1648 1465 1717 bat
1490 1642 1595 1743 hiet)
1624 1642 1846 1717 Matthaeus
1868 1647 2048 1719 Irenaeus
2076 1664 2180 1719 aratus
2208 1650 2246 1718 in
2277 1666 2398 1721 nostra

359 1749 463 1821 blicis
486 1748 625 1839 scriptis
646 1749 779 1817 bellum
811 1752 1092 1837 nobisinferet,
1131 1753 1227 1844 quod
1257 1768 1352 1841 geret

359 1840 433 1920 non
454 1849 608 1934 felicius,
641 1874 746 1941 quam
762 1846 898 1921 Eceius
920 1867 980 1923 aut
1004 1854 1134 1922 similes
1159 1867 1351 1943 gesserunt.

360 1952 473 2042 Spero
497 1949 562 2019 tibi
586 1952 841 2020 satisfacturam
866 1977 937 2022 esse
961 1967 1120 2031 nostram
1148 1955 1351 2045 explicatio-

359 2077 463 2135 nem,
496 2053 556 2119 scd
582 2065 698 2120 tamen
726 2054 832 2121 velim
856 2068 889 2123 tc
910 2050 1000 2122 mihi
1025 2056 1196 2138 scribere,
1222 2080 1267 2123 an
1283 2056 1350 2125 tibi

360 2156 403 2225 sit
422 2151 661 2225 satisfactum..
714 2152 930 2223 Mediocrem
955 2152 1040 2223 haec
1062 2156 1291 2225 attentionem
1317 2170 1350 2225 et

360 2257 548 2325 candorem
564 2254 603 2320 in
620 2254 825 2339 iudicando,
849 2269 882 2324 et
897 2257 1138 2325 dexteritatem
1154 2258 1351 2348 requirunt.

360 2354 435 2426 lmo
461 2354 777 2424 considerationem
802 2370 942 2425 nostrae
964 2358 1137 2426 miseriae.
1194 2356 1265 2426 Pro
1291 2374 1349 2450 tua

361 2480 440 2547 erga
453 2480 511 2523 me
525 2456 768 2545 benevolentia
784 2472 817 2526 et
832 2481 894 2546 pro
909 2483 1055 2526 munere
1069 2453 1181 2526 habeo
1193 2460 1258 2527 tibi
1271 2482 1352 2546 gra-

358 2560 456 2631 tiam.
498 2554 596 2624 Bene
611 2549 705 2641 vale,
731 2556 829 2630 Prid.
840 2556 984 2628 Calend.
997 2558 1175 2648 Septemb.
1189 2557 1298 2631 1545.
1310 2557 1350 2651 ¹⁰)

357 2656 514 2728 Domino
547 2652 721 2726 Martiao
753 2672 984 2728 conterraneo
1018 2684 1097 2728 meo
1132 2654 1351 2743 charissimo,

342 2759 433 2830 'seni
448 2759 507 2851 pio
525 2772 558 2828 et
574 2761 698 2844 docto,
723 2760 840 2828 omnia
857 2762 970 2829 fausta
989 2776 1083 2851 opto.
1153 2832 1156 2836 ,

811 2873 1038 2969 †Philippus
1057 2872 1302 2949 Melanthon.''

360 3210 427 3280 No.
444 3204 557 3278 2750.

365 3304 540 3333 Μ

1094 3262 1100 3276 .
1134 3237 1235 3275 mense
1252 3217 1335 3297 Aug.

1118 3307 1336 3339 Ἄ

749 3381 958 3491 Egnatia.

497 3560 582 3632 Epist.
598 3559 646 3614 lib.
662 3558 710 3613 Vl.
729 3578 756 3630 p.
772 3559 806 3612 87
815 3578 875 3630 sqq.

361 3712 583 3791 Clarissimo
594 3727 624 3785 el
633 3714 861 3785 Doclissimo
874 3714 917 3786 V
913 3714 980 3795 iro,
998 3701 1166 3788 Domino
1177 3717 1261 3789 lou
1271 3747 1293 3789 n
1303 3721 1353 3791 ni

381 3819 631 3918 Baptistae
658 3817 867 3912 Egnatio
891 3817 1101 3895 amicosuo.
1138 3820 1324 3895 Venetiae.

1405 1746 1554 1818 Francia
1571 1750 1635 1820 tibi
1651 1752 1903 1823 commendari.
1954 1751 1995 1821 si
2011 1752 2097 1844 quid
2114 1750 2222 1839 igitur
2238 1751 2398 1846 testimo-

1405 1849 1465 1918 nio
1484 1875 1562 1920 meo
1579 1851 1727 1935 tribuis,
1761 1874 1973 1944 magnopere
1996 1867 2028 1921 te
2051 1876 2157 1941 rogo,
2190 1867 2230 1921 ut
2252 1866 2399 1943 propter
2447 1887 2457 1894 ν

1404 1962 1542 2019 nostras
1558 1952 1696 2036 literas,
1721 1951 1758 2020 in
1784 1954 1898 2042 primo
1924 1976 2214 2043 congressurum
2237 1966 2397 2024 amanter

1405 2051 1567 2141 excipias.
1618 2051 1742 2122 Postea
1769 2054 1863 2121 enim
1893 2055 1956 2123 ubi
1989 2078 2090 2123 nosse
2119 2079 2198 2122 eum
2230 2055 2397 2144 coeperis,

1405 2176 1468 2242 pro
1505 2166 1564 2222 tua
1598 2177 1736 2222 summa
1771 2150 1990 2224 humanitate
2023 2157 2118 2225 ultro
2146 2179 2226 2223 eum
2253 2170 2397 2245 propter

1404 2254 1556 2343 optimos
1576 2278 1690 2323 mores
1708 2269 1738 2323 et
1758 2256 1993 2344 cognitionem
2011 2257 2203 2325 multarum
2220 2256 2395 2324 bonarum

1405 2355 1534 2423 artium
1553 2356 1803 2445 complecteris.
1854 2354 1933 2426 Etsi
1951 2358 2045 2424 onim
2059 2354 2395 2425 Iurisconsultorum

1405 2456 1585 2524 doctrinae
1604 2479 1640 2524 se
1656 2457 1812 2541 dederit,
1843 2470 1885 2527 ut
1904 2458 2040 2527 aditum
2063 2459 2107 2525 ad
2125 2453 2395 2546 Rempublicam

1404 2550 1570 2639 haberet,
1609 2570 1727 2625 tamen
1757 2570 1859 2626 antea
1883 2581 1918 2625 se
1941 2558 2003 2626 illo
2029 2557 2270 2626 doctrinarum
2298 2558 2396 2636 orbe,

1405 2680 1491 2747 quas
1523 2652 1756 2748 Philosophia
1789 2659 1976 2741 continet,
2008 2657 2185 2748 praeclare
2217 2656 2396 2727 instruxit.

1404 2753 1453 2825 Et
1478 2759 1523 2825 ad
1544 2752 1621 2829 hoc·
1635 2760 1742 2827 decus
1762 2754 2037 2848 pulcherrimam
2060 2742 2201 2827 inorum
2230 2760 2395 2826 modera-

1404 2856 1556 2941 tionem,
1581 2860 1771 2928 eandorem
1789 2873 1824 2929 et
1838 2861 1941 2927 fidem
1961 2883 2098 2949 semper
2115 2859 2284 2930 adiunxit.
2323 2856 2417 2929 Nec'

1405 2970 1475 3025 tam
1491 2971 1635 3048 propter
1651 2957 1987 3030 Iurisconsultorum
2006 2960 2273 3049 disputationes,
2289 2983 2394 3049 qrram

1405 3054 1548 3147 propter
1563 3072 1641 3127 tuos
1656 3057 1853 3128 Socraticos
1868 3083 2045 3129 sermones
2062 3059 2199 3129 ltaliam
2216 3059 2397 3149 appetivit,

1405 3182 1493 3250 quos
1519 3159 1588 3235 sibi
1610 3162 1654 3228 ad
1678 3183 1819 3228 omnem
1846 3161 1955 3245 vitam
1978 3174 2070 3227 recte
2087 3153 2255 3247 agendam
2273 3160 2397 3249 profu-

1393 3273 1503 3329 turos
1526 3274 1651 3351 sperat.
1714 3258 1833 3346 Quare
1861 3262 1893 3327 ei
1916 3261 2105 3330 sciscitanti
2127 3260 2306 3328 interdum
2330 3260 2396 3326 ali·
2429 3285 2433 3293 ·

1404 3360 1490 3452 quid
1512 3361 1556 3428 de
1581 3357 1692 3429 literis
1707 3374 1766 3429 aut
1783 3361 1828 3428 de
1845 3361 1923 3428 aliis
1941 3356 2097 3428 honestis
2112 3360 2217 3428 rebus
2232 3383 2277 3427 ne
2294 3360 2396 3443 desis,

1404 3473 1436 3529 te
1460 3460 1564 3529 etiam
1588 3461 1821 3553 atqueetiam
1847 3485 1923 3532 oro.
1974 3458 2028 3528 De
2051 3482 2128 3536 mea
2150 3483 2234 3527 vero
2259 3482 2339 3549 erga
2362 3475 2396 3529 te

1404 3562 1624 3631 observantia
1658 3561 1814 3652 locuples
1846 3563 1944 3633 testis
1976 3562 2042 3629 erit
2076 3557 2135 3629 hic
2162 3554 2394 3632 Matthaeus,
2424 3641 2428 3647 Ι

1404 3660 1531 3731 Amavi
1548 3686 1678 3731 nomen
1696 3676 1777 3730 ante
1792 3686 1904 3731 annos
1918 3662 2062 3750 triginta
2079 3685 2168 3752 puer
2183 3656 2299 3729 adbuc
2314 3686 2393 3729 cum

1403 3779 1483 3832 tuae
1513 3765 1759 3833 annotationes
1791 3750 1945 3854 primum
1979 3764 2018 3831 in
2045 3763 2159 3831 locem
2186 3764 2396 3850 prodissent.

1401 3863 1526 3936 Postea
1544 3878 1576 3933 te
1593 3866 1702 3953 magis
1721 3880 1906 3933 veneratus
1929 3887 2026 3948 sum,
2059 3888 2130 3955 quo
2156 3864 2265 3949 magis
2289 3863 2395 3930 intel-

358 3954 440 4044 Etsi
462 3972 499 4038 in
515 3966 572 4037 his
587 3965 751 4058 Europae
765 3968 977 4038 tumultibus
993 3983 1026 4038 et
1040 3970 1138 4039 fatali
1157 3994 1347 4060 regnorum
1383 4025 1385 4032 .
1402 3965 1509 4053 ligere
1524 3965 1672 4036 virtutes
1689 3966 1805 4053 coepi,
1837 3979 1872 4035 et
1899 3965 1965 4032 scis
1991 3988 2031 4031 ex
2049 3964 2182 4036 iudicio
2199 3977 2310 4030 ortam
2330 3963 2395 4029 ob-

326 4068 640 4166 'perturbatione,
680 4093 745 4136 nec
765 4063 881 4136 honos
905 4083 955 4137 est
970 4068 1107 4155 literis,
1140 4076 1347 4162 praesertim
1401 4066 1612 4136 servantiam
1628 4088 1700 4133 non
1720 4065 1889 4154 extingui.
1942 4062 2062 4151 Quare
2084 4088 2139 4132 me
2165 4087 2305 4154 qrroque
2329 4062 2395 4130 tibi
2492 4112 2498 4117 .

306 4218 317 4260 μ,
358 4178 397 4245 iu
413 4170 478 4243 hac
494 4185 614 4242 nostra
633 4172 775 4238 natione
797 4166 1017 4255 horridiore,
1048 4195 1113 4241 nec
1136 4174 1250 4242 colere
1272 4190 1347 4244 stu·
1402 4169 1624 4241 commendo.
1674 4164 1772 4235 Bene
1794 4180 1828 4236 et
1844 4165 2017 4235 foeliciter
2033 4166 2122 4238 vale.
2175 4161 2394 4232 blenseAu·

306 4281 309 4310 ⁵
356 4278 412 4347 dia
434 4276 615 4344 doctrinae
637 4284 807 4361 quantum
825 4284 985 4359 optamus
1002 4295 1202 4361 possumus:
1228 4290 1345 4345 tamen

291 4366 297 4373 ⁵
357 4402 437 4449 crim
451 4374 573 4443 rnnltis
589 4374 682 4440 veris
696 4372 824 4439 carusis
846 4394 1070 4455 moveamur,
1102 4387 1144 4442 ut
1167 4398 1346 4464 speremus

300 4555 304 4572 ⁸
356 4501 540 4549 mansuras
562 4482 634 4542 ess'e
658 4473 793 4563 aliquas
816 4468 988 4559 Respubl.
1009 4472 1180 4558 religione
1210 4490 1241 4542 et
1269 4478 1347 4545 iure

355 4579 590 4659 consociatas,
628 4598 700 4642 non
724 4565 847 4641 desino
871 4595 949 4638 meo
973 4572 1051 4640 loco
1075 4567 1256 4642 adhortari
1280 4601 1346 4644 no-

355 4696 462 4753 stram
493 4680 729 4759 iuventutem,
770 4698 814 4741 ne
845 4673 1027 4759 frangatur
1056 4673 1184 4742 animis
1213 4676 1251 4742 in
1281 4672 1346 4745 hac

354 4797 452 4859 tanta
472 4796 670 4870 temporum
692 4775 885 4857 moestitia,
915 4776 974 4841 sed
996 4775 1348 4870 quantulamcunque

354 4888 538 4957 literarum
569 4894 604 4948 et
632 4877 813 4946 doctrinae
836 4875 1088 4965 professionem
1112 4878 1265 4945 retinere
1287 4904 1347 4946 co-

348 5003 472 5059 netur.
533 4980 581 5052 Ut
611 4994 727 5047 autem
761 4975 933 5057 Pericles,
970 4977 1063 5064 apud
1098 4972 1345 5072 Thucydidem

355 5084 518 5161 Athenas
550 5081 713 5149 nominat
743 5081 807 5169 τῆς
845 5069 996 5155 ἑλλάδος
1031 5071 1243 5165 παίδευσινς
1296 5082 1346 5150 ita

353 5190 468 5261 multo
482 5184 600 5255 verius
615 5181 716 5250 ltalia
732 5180 807 5253 sola
820 5177 942 5245 multis
956 5178 1103 5245 saeculis
1119 5180 1263 5249 unicum
1280 5183 1346 5250 do-

353 5290 527 5362 micilium
542 5299 592 5354 cst
607 5282 765 5351 omnium
781 5278 1024 5347 doctrinarum
1039 5290 1072 5346 et
1086 5282 1245 5349 omnium
1261 5304 1345 5370 gen-

353 5393 445 5466 tium
467 5389 506 5457 in
525 5387 694 5466 ,universa
716 5378 861 5470 Europa
884 5378 1060 5467 magistra.
1126 5377 1246 5467 Quare
1270 5409 1347 5452 ma-

353 5496 448 5567 xime
462 5490 575 5585 probo
593 5483 874 5556 honestissimam
892 5480 1121 5569 cupiditatem
1141 5484 1346 5554 adolescen-

304 5643 307 5650 .
355 5644 558 5669 -----·

389 5733 418 5795 9)
437 5746 520 5782 suam
537 5741 591 5776 non
606 5720 704 5775 babent
718 5720 779 5776 cod.
792 5719 858 5775 Bar.
870 5727 896 5771 et
909 5718 971 5776 eod.
986 5716 1071 5777 Goth.
1080 5718 1143 5777 268.

390 5809 435 5886 ιο)
454 5811 522 5870 cod.
536 5809 600 5865 Bar.
615 5807 694 5862 1554.

1400 4282 1513 4358 gusto.
1587 4338 1591 4353 ,

1400 4568 1466 4638 No,
1482 4564 1596 4642 2751.

1405 4662 1576 4690 m

1736 4733 1794 4819 M.
1823 4732 2060 4838 Romussy.

1466 4894 1545 4949 Edita
1561 4896 1589 4947 in
1605 4895 1692 4948 libro:
1717 4891 1911 4965 „tlpprobatio
1926 4892 2139 4946 lleforrnationis
2154 4890 2290 4944 Ecclesiae
2304 4892 2395 4945 Coro-

1504 4965 1595 5017 nensis
1609 4982 1640 5017 ac
1654 4962 1736 5014 totius
1750 4962 1891 5016 llarzensis
1906 4962 2087 5024 Provinciae,
2110 4979 2124 5011 a
2141 4961 2248 5014 Clarias.
2261 4960 2296 5014 D.
2313 4963 2394 5012 blart.

1500 5031 1637 5097 Lutbero,
1660 5030 1786 5150 Philippo
1802 5030 1980 5103 blelantbone
1994 5041 2018 5081 et
2035 5029 2136 5080 loanne
2152 5028 2323 5095 Pomerano,
2343 5028 2392 5081 t'i·

1502 5102 1609 5169 teberga
1626 5098 1716 5151 Cibin.

1501 5168 1587 5234 tenti,
1604 5167 1776 5235 transmissa,
1800 5177 1865 5219 etex
1880 5165 2047 5234 autographo
2062 5185 2085 5218 s.
2100 5162 2237 5232 Originali
2251 5165 2336 5217 deseri
2359 5175 2394 5218 ta.

1501 5234 1652 5290 Coronae''
1669 5238 1749 5302 (aa.)
1770 5236 1796 5290 8.
1830 5235 1866 5286 Ex
1886 5234 1939 5285 hoc
1960 5233 2030 5284 libro
2049 5232 2139 5284 denuo
2161 5250 2256 5284 excusa
2278 5231 2305 5283 in
2329 5185 2392 5285 «lod

1501 5303 1690 5376 Ungariscben
1704 5303 1829 5371 Magazin
1847 5302 1878 5354 T.
1892 5301 1940 5352 lV.
1961 5319 1987 5367 p.
2000 5300 2076 5367 ΕΟΖ,
2101 5301 2174 5367 quod
2197 5299 2313 5352 contulit
2328 5300 2392 5352 Cla-

1501 5374 1560 5427 risa.
1572 5373 1812 5425 Foeratamannus.
1837 5367 1974 5421 Nimirum
1991 5366 2100 5420 miserat
2117 5366 2242 5419 Matthias
2254 5368 2393 5436 llamassy,

1501 5439 1597 5494 Pastor
1611 5440 1778 5505 Gibinensis,
1802 5431 1942 5490 libellum:
1970 5434 2164 5504 „lleformatio
2185 5433 2318 5485 Ecclesiae
2335 5437 2392 5487 Co-

1487 5508 1650 5561 ¹ronensis”
1663 5515 1714 5559 etc.
1733 5506 1802 5567 [vid.
1818 5523 1865 5562 no.
1879 5510 1948 5574 sq.],
1966 5505 1994 5555 in
2010 5523 2065 5575 quo
2081 5502 2216 5570 descripta
2230 5512 2288 5554 erat
2302 5501 2391 5554 forma

1499 5594 1641 5631 sacrorum
1666 5576 1694 5630 in
1720 5573 1880 5644 quibusdam
1908 5571 2016 5644 oppidis
2039 5569 2208 5642 llungariae,
2241 5572 2389 5623 secundum

1400 5677 1606 5696 -ιι-Δ-

1431 5736 1460 5808 *)
1481 5738 1523 5790 De
1536 5737 1647 5790 lrenaeo
1666 5744 1692 5790 et
1707 5745 1748 5789 tra
1766 5733 1810 5789 ico
1823 5732 1881 5787 eius
1894 5752 1957 5790 casu
1972 5732 2046 5807 lege,
2068 5750 2136 5805 quae
2150 5692 2245 5785 scribit
2257 5695 2390 5785 Panaen-

1465 5806 1522 5861 riua
1536 5805 1565 5863 in
1579 5807 1631 5860 vita
1643 5806 1746 5860 Malunt
1768 5802 1890 5877 .p.181.

1754 5100 1853 5167 astori,
1876 5117 1939 5150 suae
1956 5097 2089 5152 Ecclesiae
2105 5096 2328 5147 reformationem
2344 5115 2393 5165 pe·
2484 5111 2488 5115 '
