5325 6917
180 822 185 827 ,
220 733 297 811 sss

201 982 205 987 ,
224 911 259 977 e't
274 905 501 978 discentium.
538 900 592 975 Ita
607 897 784 974 lohannes
800 898 1029 994 Evangelista
1045 917 1080 975 et
1093 903 1224 974 deinde

221 1008 442 1102 Polycarpus
459 1018 493 1094 et
507 1006 569 1077 alii
581 1005 687 1076 multi
706 1006 939 1097 pulcerrimos
958 1020 1079 1078 coetus
1102 1001 1224 1077 homi-

222 1134 312 1182 num
337 1106 540 1179 eruditione
564 1121 599 1178 et
623 1108 755 1180 virtute
779 1108 1055 1201 praestantium,
1090 1110 1222 1178 docen-

222 1214 315 1287 tium
339 1206 603 1281 et'auditorum
625 1232 747 1279 secum
768 1204 985 1284 habuerunt.
1043 1209 1117 1279 Nec
1139 1211 1222 1301 pul-

222 1316 318 1386 crius
330 1313 446 1384 ullum
463 1324 537 1382 toto
553 1312 638 1382 orbe
656 1325 830 1381 terrarum
858 1311 1095 1404 spectaculum
1120 1326 1220 1397 esset,

223 1440 330 1513 quam
359 1416 480 1484 videre
511 1415 616 1483 talem
649 1412 819 1485 Senatum
849 1427 883 1483 et
913 1414 1019 1484 talem
1050 1408 1219 1488 scholam.

222 1520 326 1591 Nunc
343 1541 446 1600 vero,
471 1516 502 1585 si
516 1511 602 1585 haec
617 1516 770 1585 recentia
787 1515 933 1604 collegia
949 1518 992 1585 ad
1009 1516 1108 1584 illam
1124 1529 1219 1587 vete-

223 1645 297 1692 rem
320 1620 511 1710 imaginem
527 1618 768 1703 conferantur,
793 1632 925 1711 quanta
943 1617 1011 1689 erit
1036 1617 1220 1688 dissimili-

224 1722 336 1796 tudo?

324 1821 393 1896 Sed
409 1821 494 1916 quia
515 1846 591 1892 non
609 1845 732 1892 omnes
753 1822 793 1891 in
808 1821 966 1911 collegiis
983 1834 1068 1890 sunt
1083 1817 1219 1911 Epicu-

221 1926 314 2012 raei,
347 1927 407 1995 sed
431 1923 543 2017 aliqui
564 1925 722 1993 saniores
750 1922 922 1995 iudicium
944 1922 1012 1996 Dei
1042 1936 1219 2010 metuunt,

222 2024 279 2098 his
289 2026 421 2097 servire
436 2038 555 2094 nostra
572 2027 814 2096 moderatione
828 2027 873 2095 ad
890 2026 1040 2095 salutem
1056 2039 1090 2095 et
1104 2048 1219 2118 quan·

220 2145 297 2201 tum
306 2127 403 2201 Deus
417 2128 602 2208 concedet,
631 2142 797 2199 manente
821 2122 886 2198 hac
903 2127 1029 2218 politia
1052 2149 1218 2196 revocare

220 2255 281 2301 eos
295 2232 341 2299 ad
356 2229 581 2300 vocationum
598 2230 713 2300 officia
729 2230 903 2322 cupimus.
940 2226 1032 2298 Nam
1049 2222 1136 2299 haec
1151 2253 1217 2320 po-

220 2348 349 2404 strema
365 2331 494 2400 mundi
509 2345 621 2413 aetas,
647 2356 723 2402 non
742 2346 814 2403 tam
829 2330 914 2401 felix
931 2344 998 2414 est,
1023 2344 1065 2399 ut
1085 2354 1126 2400 ex
1141 2331 1216 2400 col·

220 2434 322 2523 legiis
340 2429 604 2504 Canonicorum
625 2456 769 2504 rursum
784 2430 886 2504 Eliae
907 2445 942 2502 et
955 2428 1088 2501 Elisaei
1112 2426 1215 2501 scho-

219 2539 273 2605 lae
288 2534 365 2603 fieri
377 2535 527 2626 possint.
577 2531 625 2604 Et
644 2548 764 2605 tamen
789 2534 818 2602 si
834 2533 969 2603 vellent
989 2532 1160 2625 Episcopi
1180 2548 1216 2605 et

217 2635 414 2721 Canonici,
449 2636 582 2706 servire
604 2632 784 2706 Ecclesiae
807 2633 877 2706 Dei
899 2634 1037 2706 utiliter
1060 2649 1214 2727 possent,

218 2741 258 2811 in
277 2737 418 2809 tuendis
437 2737 648 2830 quibusdam
673 2738 878 2807 necessariis
895 2736 1037 2820 officiis,
1060 2738 1214 2830 adquae

219 2843 324 2913 etiam
342 2862 431 2932 opus
450 2854 501 2910 est
513 2840 601 2907 viris
617 2839 722 2908 bonis
737 2853 771 2909 et
785 2835 1030 2929 prudentibus.

319 2941 393 3013 Nec
415 2954 547 3030 egestas
567 2941 679 3033 pietas
702 2956 771 3025 est,
799 2965 864 3010 nec
885 2938 1068 3031 opulentia
1091 2961 1213 3028 pecca-

796 726 1235 806 EPISTOLARUM
1295 727 1406 803 LIB.
1440 728 1506 809 IX.
1559 730 1691 809 1546.

2133 719 2270 811 'aaa
2385 681 2391 690 ’

1272 902 1393 973 eitudo
1409 905 1454 973 de
1469 883 1630 975 doctrina
1646 917 1681 976 et
1695 907 1740 974 de
1755 901 1945 974 ministerii
1958 901 2165 998 Evangelici
2178 932 2266 980 con·
2328 935 2331 942 ’

1270 1007 1501 1093 servatione,
1515 1020 1694 1098 poterunt
1704 1008 1810 1077 etiam
1826 1006 1865 1074 in
1889 1000 1955 1077 hac
1967 1009 2093 1098 politia
2107 1036 2172 1101 pro
2187 1036 2268 1083 mo·

1270 1108 1317 1177 do
1351 1131 1497 1179 suarum
1520 1109 1651 1180 virium
1680 1122 1743 1180 aut
1765 1113 1857 1179 suae'
1876 1108 2073 1180 industriae
2098 1107 2266 1183 Ecclesiis
2295 1121 2297 1130 '

1270 1210 1407 1282 utiliter
1428 1210 1592 1285 servire.-

1370 1310 1456 1383 Ideo
1479 1308 1572 1383 hanc
1594 1319 1753 1384 nostram
1780 1313 2069 1385 reformationem
2096 1316 2142 1385 ad
2172 1315 2266 1405 leges

1268 1414 1427 1499 divinas,
1459 1440 1550 1507 qnae
1579 1430 1619 1486 ut
1650 1429 1735 1486 sunt
1767 1428 1946 1499 aeternae,
1977 1417 2026 1486 ita
2059 1439 2199 1507 semper
2210 1417 2267 1488 -ab

1268 1517 1435 1586 omnibus
1463 1512 1670 1588 bominibus
1693 1518 1862 1588 colendae
1883 1533 2001 1602 crant,
2034 1518 2267 1616 instituimus,

1267 1641 1342 1686 non
1360 1620 1405 1688 ad
1421 1620 1559 1708 regulas
1575 1614 1733 1690 humano
1758 1619 1907 1691 consilio
1928 1622 2157 1711 excogitatas,
2184 1620 2266 1715 qui-

1267 1720 1335 1789 bus
1352 1720 1584 1792 dominantur
1601 1735 1774 1815 tempora.
2220 1757 2223 1764 ·

1369 1819 1530 1892 Primum
1556 1824 1659 1893 fateri
1688 1824 1756 1916 ipsi
1790 1837 1985 1914 coguntur,
2030 1822 2148 1896 Deum
2184 1835 2265 1895 ante

1266 1922 1387 1991 omnia
1406 1925 1623 2016 praecepisse
1639 1922 1847 2018 Episcopis,
1873 1941 1914 1997 ut
1937 1929 2087 1999 doceant
2100 1922 2264 2017 Evange-

1265 2025 1356 2095 lium
1381 2050 1445 2116 per
1467 2028 1598 2119 seipsos
1614 2040 1676 2097 aut
1690 2041 1783 2098 certe
1799 2052 1863 2120 per
1878 2028 1966 2098 alios
1982 2029 2104 2099 doceri
2128 2042 2264 2114 curent,

1266 2140 1300 2196 et
1322 2141 1415 2197 recte
1441 2143 1623 2199 exerceant
1651 2130 1995 2200 administrationem
2017 2129 2264 2201 Sacramentu-

1264 2252 1355 2300 rum.
1413 2226 1498 2299 Ideo
1518 2227 1688 2321 Episcopi
1700 2232 1795 2301 viros
1821 2226 1988 2302 honestos
2007 2246 2042 2303 et
2053 2233 2203 2302 idoneos
2216 2232 2263 2301 ad

1265 2332 1465 2400 docendum
1490 2328 1727 2422 Evangelium
1749 2334 1822 2403 snis
1846 2326 2004 2424 collegiis
2027 2348 2063 2404 et
2082 2334 2263 2403 ditionum

1264 2455 1409 2501 suarum
1423 2429 1592 2503 Ecclesiis
1608 2435 1793 2526 praeficere
1809 2436 1949 2507 debent.
2002 2433 2060 2506 Ad
2076 2431 2168 2505 hanc
2186 2458 2262 2504 rem

1262 2533 1366 2603 facile
1389 2533 1592 2605 invenirent
1613 2536 1790 2628 stipendia
1805 2561 1848 2606 ex
1868 2538 2091 2617 sacerdotiis,
2118 2537 2148 2606 si
2170 2534 2262 2605 adsit

1262 2635 1429 2707 voluntas
1463 2648 1499 2706 et
1531 2662 1656 2708 verum
1683 2638 1841 2708 studium
1872 2639 2047 2708 iuvandae
2070 2635 2260 2709 Ecclesiae.

1261 2732 1405 2806 Debent
1419 2750 1455 2807 et
1470 2739 1601 2809 abusus
1618 2741 1661 2809 in'
1671 2738 1879 2810 ceremoniis
1894 2741 2030 2813 tollere.

1313 2853 1323 2877 ⁵
1364 2835 1530 2908 Secundo
1556 2840 1675 2910 sciunt
1700 2855 1734 2911 et
1765 2838 1832 2910 hoc
1855 2845 2061 2912 mandatum
2084 2838 2153 2911 Dei
2176 2860 2259 2924 esse,

1261 2949 1302 3006 ut
1317 2938 1580 3009 ordinationem
1598 2940 1885 3034 presbyterorum
1903 2957 1995 3013 recte
2013 2937 2258 3013 administrari

218 3059 307 3117 tum.
360 3040 536 3125 †Tenere
563 3041 712 3133 imperia
735 3063 810 3113 non
834 3053 886 3111 est
904 3039 1123 3132 peccatum',
1148 3041 1214 3110 etsi
1261 3052 1407 3123 curent,
1432 3042 1597 3112 videlicet
1611 3042 1660 3111 ita
1674 3056 1714 3112 ut
1729 3043 1790 3110 fiat
1804 3042 1894 3110 seria
1916 3067 2056 3111 morum
2075 3056 2110 3111 et
2125 3043 2259 3112 doctri-

218 3144 363 3216 diflicile
386 3156 440 3213 est
457 3142 565 3212 simul
590 3144 762 3213 sustinere
786 3140 965 3214 Ecclesiae
986 3156 1020 3212 et
1044 3142 1213 3234 imperio·
1262 3158 1329 3209 nae
1352 3142 1569 3232 exploratio,
1594 3157 1629 3213 et
1650 3142 1812 3212 rudiores
1833 3155 1868 3211 et
1882 3142 2014 3212 dociles
2036 3142 2258 3215 erudiantur.

216 3272 299 3318 rum
333 3245 649 3335 gubernationem,
697 3260 816 3317 tamen
849 3242 1048 3335 Episcopus
1083 3245 1212 3314 timens
1262 3241 1389 3313 Sciunt
1402 3240 1572 3336 Episcopi
1594 3244 1663 3335 ipsi
1687 3240 1778 3313 banc
1795 3258 1948 3314 veterem
1963 3268 2036 3315 esse
2053 3246 2096 3314 de
2110 3245 2257 3334 ordina-

215 3346 333 3419 Deum
361 3371 481 3417 curam
514 3346 699 3439 utriusque
726 3347 844 3416 oneris
874 3359 968 3415 recte
998 3346 1212 3416 distribuere
1262 3344 1359 3431 tione
1374 3345 1597 3436 opinionem,
1616 3346 1981 3438 proprium‘videlicet
1996 3344 2256 3439 Episcoporum

216 3463 352 3543 posset,
375 3449 467 3519 sicut
478 3446 606 3534 David,
622 3444 802 3533 Ezechias,
815 3444 1212 3531 Constantinus,Theo-
1261 3446 1418 3516 officium
1441 3472 1502 3518 seu
1524 3472 1614 3540 opus
1638 3473 1711 3519 esse
1734 3444 1826 3518 hanc
1858 3448 1970 3538 ipsam
1994 3449 2257 3540 comprobatio-

217 3553 356 3635 dosins‚
382 3564 416 3620 et
439 3575 535 3620 nunc
558 3550 663 3619 multi
675 3542 885 3642 Principes,
912 3550 976 3618 etsi
997 3546 1210 3644 politicis⁴³)
1260 3571 1341 3617 nem
1356 3551 1657 3644 presbyterorum,
1670 3573 1762 3644 quae
1775 3550 1814 3619 fit
1828 3550 2057 3640 impositione
2070 3574 2254 3625 manuum.

215 3653 367 3744 negotiis
397 3652 559 3743 occupati
590 3667 689 3723 sunt:
718 3666 836 3723 tamen
858 3652 1002 3721 interim
1028 3665 1062 3720 et
1084 3648 1210 3720 Eccle-

214 3759 285 3828 sias
309 3754 521 3845 inspiciunt,-
546 3768 579 3825 et
593 3778 715 3825 earum
737 3755 877 3844 negotia
902 3752 1128 3823 mediocriter
1144 3776 1210 3843 gu-

213 3860 379 3929 bernant.
1205 3861 1208 3872 '

179 3951 187 3960 ’
312 3955 447 4027 Paulus
462 3948 656 4048 Apostolus
670 3979 815 4048 prorsus
833 3981 908 4027 non
923 3956 1039 4048 attigit
1055 3958 1126 4027 ulla
1144 3981 1209 4026 ne-

213 4061 309 4152 gotia
339 4057 597 4151 Imperatorum
627 4082 709 4127 suae
732 4058 864 4140 aetatis.
926 4055 975 4130 At
996 4055 1209 4130 Ambrosius

213 4164 281 4238 etsi
306 4174 382 4232 erat
404 4158 621 4252 Episcopus:
647 4174 765 4229 tamen
787 4160 979 4250 legationes
1002 4161 1093 4232 obiit
1113 4162 1208 4252 pacis

209 4265 395 4339 faciendae
426 4285 546 4332 caussa
573 4262 666 4332 inter
694 4261 990 4334 Valentinianum
1024 4277 1058 4345 et
1090 4262 1210 4334 Maxi·

210 4390 331 4449 mum,
356 4365 446 4435 sicut
461 4378 495 4434 et
508 4388 604 4434 nunc
617 4363 726 4434 unius
739 4360 917 4434 Ecclesiae
940 4366 978 4433 in
995 4367 1126 4458 oppido
1141 4365 1209 4435 'ali-

211 4494 285 4565 quo
305 4461 424 4559 pastor
442 4469 598 4558 prudens
621 4479 656 4536 et
678 4465 856 4536 studiosus
870 4468 1044 4535 fovendae
1061 4491 1207 4537 suorum

211 4568 440 4653 concordiae,
465 4567 545 4638 lites
570 4568 708 4661 aliquas
731 4568 864 4638 civium
892 4567 1032 4660 privato
1056 4569 1205 4639 consilio

210 4672 366 4755 dirimit,
392 4684 429 4740 et
447 4664 680 4739 Bernhardus
702 4669 797 4761 pacis
820 4683 924 4741 antor
941 4669 1011 4741 fuit
1026 4671 1120 4740 inter
1133 4668 1206 4740 Lo-

209 4770 367 4847 tbarium
380 4770 658 4863 Imperatorem,
674 4784 710 4840 et
721 4769 928 4844 Conradum
942 4774 1206 4863 Imperatorem,

209 4876 316 4948 Talia
344 4873 479 4959 officia,
503 4874 534 4943 si
561 4874 690 4943 modus
712 4886 746 4942 et
769 4876 858 4944 ordo
882 4873 1109 4945 mediocriter
1132 4898 1205 4944 ser-

207 4994 357 5061 ventur,
377 4999 452 5044 non
468 4969 773 5068 reprehendimus.

309 5076 491 5147 Postremo
523 5077 660 5148 etiamsi
692 5099 845 5145 canones
874 5078 1088 5147 severissimi
1119 5102 1205 5147 con-

172 5226 174 5229 ·
207 5184 360 5264 dantur,
385 5192 504 5248 tamen
527 5180 557 5248 si
583 5202 753 5272 personae
778 5191 862 5249 sunt
882 5180 958 5248 sine
983 5180 1109 5249 timore
1125 5177 1206 5263 Dei,

206 5298 245 5378 et
259 5308 335 5353 non
354 5306 395 5351 ex
415 5278 535 5350 animo
551 5296 766 5352 venerantur
784 5280 1022 5350 ministerium
1039 5278 1204 5370 Evange-

170 5427 186 5448 ν
205 5387 268 5471 lii,
293 5385 376 5455 illae
391 5405 571 5454 canonum
588 5384 720 5456 otiosae
739 5383 886 5475 paginae
908 5407 983 5454 non
999 5385 1203 5473 profuturae

205 5501 294 5560 sunt
307 5486 487 5559 Ecclesiis.
520 5482 675 5557 Econtra
689 5511 773 5556 vero
791 5486 820 5554 si
843 5486 881 5554 in
895 5486 1055 5575 personis
1071 5484 1137 5555 erit
1157 5486 1204 5555 ti-

202 5614 286 5661 mor
301 5588 387 5675 Dei,
414 5600 449 5658 et
463 5588 630 5660 voluntas
646 5590 822 5660 iuvandae
838 5585 1038 5670 Ecclesiae,
1065 5600 1098 5660 et
1115 5588 1203 5657 soli-

237 5918 285 5989 48)
301 5920 437 5987 politiori]
454 5916 518 5972 Per.
534 5917 660 5985 publicis.

1258 3646 1342 3718 Non
1355 3650 1556 3722 existiment
1571 3666 1688 3722 autem
1703 3664 1842 3723 tantum
1865 3651 1945 3722 ideo
1968 3653 2053 3722 solis
2068 3650 2256 3745 Episcopis

1258 3746 1327 3820 hoc
1342 3776 1431 3843 opus
1446 3754 1657 3825 attributum
1672 3778 1762 3839 esse,
1776 3767 1816 3824 ut
1831 3754 2009 3843 fastigium
2024 3753 2129 3823 altius
2145 3761 2256 3845 agno-

1258 3866 1433 3939 sceretur,
1459 3857 1520 3926 sed
1542 3857 1656 3925 multo
1679 3855 1809 3945 magis,
1833 3867 1875 3924 ut
1895 3851 2063 3947 Episcopi
2087 3878 2254 3947 praesen·

1257 3966 1310 4024 tes
1342 3955 1380 4023 in
1410 3958 1571 4025 examine
1603 3958 1801 4026 doctrinam
1833 3956 2040 4046 diligentius
2071 3958 2253 4050 inquirere

1256 4070 1418 4148 possent,
1451 4071 1487 4128 et
1509 4071 1691 4144 caverent,
1725 4083 1772 4128 ne
1800 4058 2075 4132 admitterentur
2095 4054 2253 4130 adhunc

1257 4160 1418 4248 gradum,
1443 4161 1505 4253 qui
1522 4184 1667 4252 prorsus
1680 4184 1755 4230 non
1770 4174 1913 4252 possent
1927 4163 2064 4245 docere,
2088 4175 2149 4231 aut
2162 4184 2252 4252 quo·

1256 4284 1337 4330 rum
1362 4276 1479 4330 mores
1503 4263 1690 4333 alienaturi
1715 4275 1832 4332 essent
1846 4263 2046 4333 voluntates
2063 4258 2252 4331 hominum

1257 4386 1276 4431 a
1298 4362 1496 4433 ministerio
1520 4359 1754 4454 Evangelico,
1792 4364 1882 4434 sicut
1903 4362 2036 4433 Paulus
2060 4356 2253 4432 Timotheo

1254 4462 1447 4553 praecipit,
1473 4488 1518 4533 ne
1535 4465 1591 4535 cui
1608 4467 1678 4535 cito
1690 4488 1820 4535 manus
1832 4465 2001 4557 imponat.
2052 4459 2101 4533 Et
2116 4488 2196 4533 cnm
2213 4463 2253 4532 in

1256 4565 1418 4634 examine
1439 4563 1632 4646 adhibetur
1648 4566 1853 4657 diligentia,
1877 4580 1919 4636 ut
1941 4590 2054 4636 unum
2072 4567 2251 4659 quoddam

1255 4680 1389 4736 certum
1408 4681 1443 4738 ct
1457 4669 1682 4739 consentiens
1697 4668 1880 4738 doctrinae
1899 4692 2009 4758 genus
2023 4682 2254 4758 proponatur,
2361 4735 2373 4748 ,

1255 4781 1289 4837 et
1312 4769 1475 4838 rudiores
1500 4772 1560 4864 qui
1586 4772 1772 4841 erudiendi
1794 4784 1894 4854 sunt,
1921 4772 1964 4838 ad
1991 4771 2025 4838 id
2052 4770 2254 4852 assuefiunt,

1254 4865 1342 4939 haec
1361 4873 1532 4962 exempla,
1558 4874 1754 4964 plurimum
1773 4873 1981 4943 conducunt
2007 4872 2052 4942 ad
2074 4868 2251 4946 Ecclesia-

1253 4995 1334 5040 rum
1350 4975 1588 5047 concordiam.

1357 5070 1520 5168 Cumque
1538 5089 1677 5167 petetur
1694 5075 1738 5144 ab
1757 5071 1942 5167 Episcopis
1957 5074 2156 5156 ordinatio,
2175 5099 2252 5145 ma-

1253 5187 1337 5245 neat
1368 5188 1487 5246 tamen
1511 5200 1613 5247 suum
1644 5178 1699 5246 ins
1730 5178 1889 5267 patronis
1911 5176 2062 5246 vocandi
2093 5177 2252 5262 idoneos,

1254 5300 1382 5370 eosque
1417 5279 1686 5369 praesentandi,
1730 5291 1770 5347 ut
1804 5284 1943 5352 vocant.
2011 5275 2185 5351 Retinent
2218 5294 2252 5350 et

1253 5378 1331 5448 iure
1345 5380 1468 5448 divino
1484 5381 1627 5470 patroni
1644 5402 1766 5448 omnes
1787 5374 1878 5448 hanc
1904 5380 2181 5471 inspectionem,
2206 5405 2250 5451 ne
2273 5419 2281 5428 ν

1252 5480 1373 5550 sinant
1396 5483 1576 5574 corrumpi
1599 5482 1796 5553 doctrinam
1820 5481 1915 5551 iuxta
1932 5484 2039 5553 illud:
2066 5475 2198 5552 Cavete
2224 5507 2250 5551 a

1250 5574 1599 5679 Pseudoprophetin¹
1644 5578 1874 5655 Admoneant
1893 5584 2004 5675 igitur
2021 5583 2251 5656 concionato-

1251 5709 1326 5770 res,
1353 5686 1416 5779 qni
1427 5687 1512 5756 falsa
1529 5697 1753 5779 proponunt,
1779 5698 1814 5754 et
1830 5689 2028 5778 pertinaces
2044 5702 2250 5758 removeant

1250 5812 1270 5856 a
1284 5788 1483 5860 ministerio
1498 5802 1530 5858 et
1544 5791 1598 5858 sui
1614 5786 1699 5857 facti
1712 5809 1850 5857 caussas
1866 5792 1961 5883 apud
1977 5785 2173 5880 Episcopus
2189 5813 2250 5858 ex-
2313 5867 2324 5882 ἱ

1249 5902 1397 5979 ponant.
