5325 6917
307 786 380 858 211
889 779 1326 859 EPISTOLARUM
1375 778 1480 859 LlB.
1520 780 1600 873 lX.'
1637 778 1768 856 tata.
1945 791 1949 799 ‘
2269 790 2349 864 212

415 954 464 1029 Ut
490 959 597 1047 igitur
620 950 856 1025 Athanasium
880 948 1038 1026 Ecclesia
1063 950 1305 1047 Alexandrina
1357 976 1412 1048 res
1439 964 1473 1021 et
1491 952 1700 1021 mercenarii
1721 948 1788 1023 hoc
1809 954 1902 1036 ritu,
1942 957 2002 1026 sed
2026 955 2197 1027 differunt
2222 980 2349 1047 genere

314 1060 469 1128 vocavit:
502 1059 551 1126 sic
571 1070 626 1141 te,
658 1057 879 1145 sic'collcgas
901 1054 1038 1152 tuos⁵),
1071 1061 1179 1128 vestri
1193 1058 1306 1130 Sena·
1357 1052 1554 1135 doctrinae,
1580 1054 1824 1129 etvoluntate.

316 1174 430 1242 tores,
469 1157 531 1247 qni
563 1153 687 1253 sunt⁶)
715 1160 903 1249 praecipua
927 1156 1105 1229 Ecclesiae
1135 1160 1305 1240 membra,
1459 1151 1565 1241 Quod
1589 1165 1705 1222 autem
1729 1155 1939 1248 nequidem
1968 1156 2070 1227 liceat
2097 1159 2200 1227 nobis
2229 1173 2349 1250 petere

317 1270 502 1329 vocarunt:
527 1257 599 1328 Nec
614 1262 738 1344 refert,
764 1285 870 1351 quam
887 1261 1009 1330 multis
1026 1262 1064 1329 in
1079 1260 1213 1332 Senatu
1229 1260 1306 1352 pla·
1356 1254 1466 1325 ritum
1491 1254 1727 1324 ordinationis
1750 1257 1794 1326 ab
1818 1254 2021 1347 Episcopis,
2039 1260 2117 1351 ¹qui
2141 1284 2237 1329 nunc
2261 1262 2350 1332 titu-

318 1373 409 1444 ceat,
441 1360 525 1428 satis
544 1375 596 1430 est
612 1362 750 1455 aliquos
766 1385 856 1442 esse,
889 1363 1306 1454 quipraecipuamauto-
1357 1357 1432 1425 lum
1449 1367 1585 1434 tenent,
1609 1367 1644 1424 et
1658 1358 1869 1447 profitentur
1885 1382 1920 1426 se
1937 1359 2135 1448 improbare
2150 1363 2350 1433 doctrinam

318 1461 459 1530 ritatem
482 1455 631 1546 habent,
673 1477 708 1532 es
730 1463 805 1531 eius
826 1461 1004 1533 Ecclesiae
1028 1465 1188 1535 membra
1211 1477 1307 1549 sunt,
1357 1454 1593 1526 Ecclesiarum
1611 1472 1831 1543 nostrarum,
1857 1460 2046 1530 manifesta
2062 1462 2152 1531 ratio
2170 1478 2237 1532 est:
2264 1465 2349 1556 quia

317 1562 362 1629 ad
378 1587 484 1655 quam
501 1565 694 1632 docendam
711 1564 827 1633 vocati
843 1561 970 1656 estis⁷),
1177 1622 1179 1625 .
1345 1556 1536 1628 'neminem
1559 1558 1635 1625 sine
1657 1560 1776 1650 impiis
1791 1561 1942 1629 vinculis
1961 1563 2139 1636 ordinant.
2190 1562 2237 1634 Et
2253 1564 2349 1635 Pau·

421 1661 517 1731 Hacc
547 1665 727 1734 verissima
756 1677 790 1734 et
812 1665 1071 1755 simplicissima
1095 1680 1194 1736 sunt:
1235 1663 1308 1734 Nec
1357 1660 1413 1727 lus
1435 1659 1568 1750 inquit:
1603 1654 1752 1756 Siquis
1772 1656 2149 1755 alindEcangelinm
2176 1660 2350 1750 cimiteriis

320 1764 469 1832 dubium
486 1779 550 1849 est,
576 1789 636 1833 vos
655 1767 745 1835 iustc
761 1781 921 1853 vocatos,
954 1780 989 1836 et
1003 1766 1182 1856 legitimos·
1198 1765 1306 1856 mini·
1358 1753 1559 1828 anathema
1574 1759 1633 1827 Sil·

321 1879 411 1932 stcos
428 1888 517 1948 esse,
540 1880 573 1935 et
590 1891 663 1934 uon
679 1892 752 1935 esse
768 1862 1165 1959 ἀλλοτριοεπισκόπους.
1458 1859 1531 1929 Nec
1555 1875 1737 1951 Pl⁰Pterea
1761 1861 1978 1951 ellingUllur
1997 1865 2161 1936 universa
2178 1862 2348 1956 &⁰¹0le

422 1963 506 2035 Post
521 1968 741 2037 vocationem
756 1993 818 2040 seu
834 1971 1037 2040 electionem
1056 1971 1141 2038 olim
1165 1966 1306 2035 accede·
1359 1964 1418 2031 sed
1443 1958 1603 2042 †mauet
1626 1962 1768 2030 ecclesia
1798 1966 1893 2052 apud
1921 1964 2031 2050 110⁵”3
2071 1969 2135 2035 ubi
2157 1984 2259 2039 sonat
2280 1995 2348 2040 vox

320 2068 382 2134 bat
400 2069 661 2157 comprobatio,
694 2096 783 2164 quae
806 2073 909 2140 fiebat
931 2095 993 2163 per
1008 2070 1142 2137 vicinos
1157 2063 1307 2157 Episco-
1358 2060 1561 2151 Evangelii,
1595 2063 1646 2132 ibi
1670 2075 1704 2131 et
1730 2064 1983 2149 ministerium,
2016 2081 2049 2135 et
2074 2067 2130 2137 ius
2155 2069 2348 2156 electionis,

320 2190 402 2254 pos,
429 2169 534 2254 duos,
560 2185 621 2242 aut
635 2184 724 2256 tres,
754 2187 795 2242 ut
819 2173 966 2241 recitant
981 2169 1111 2236 multae
1127 2163 1305 2239 historiae.
1360 2178 1393 2233 et
1409 2163 1707 2251 comprobationis
1729 2179 1867 2250 manet,
1899 2167 1993 2236 iuxta
2017 2168 2124 2237 illud:
2165 2166 2348 2258 Ascendit,

320 2265 371 2334 Hi
392 2293 518 2338 manus
542 2272 773 2365 imponebant
792 2271 910 2342 electo.
975 2266 1081 2339 Hunc
1110 2294 1245 2338 morem
1273 2285 1307 2338 et
1360 2259 1458 2332 dedit
1482 2259 1579 2332 dona
1607 2257 1836 2350 hominibnS,
1874 2264 1974 2336 alios
1997 2263 2217 2363 prophetas,
2248 2270 2347 2344 alios

320 2393 386 2436 nos
410 2394 609 2457 servamus,
649 2389 689 2444 ut
709 2375 791 2456 scis,
829 2395 868 2438 ac
890 2369 1044 2437 delector
1069 2371 1150 2440 ritu.
1215 2369 1305 2440 Nam
1357 2374 1541 2460 pastores,
1575 2362 1675 2435 alios
1700 2362 1870 2439 doctores.
1921 2366 2065 2439 Certum
2090 2385 2141 2440 est
2162 2373 2257 2441 enim
2281 2371 2347 2446 hac

321 2470 501 2559 impositio
527 2498 652 2544 manus
677 2473 869 2542 celebratur
891 2471 929 2537 iu
946 2468 1096 2551 Genesi,
1128 2472 1166 2539 in
1193 2468 1307 2541 bisto-
1359 2467 1531 2536 sententia
1548 2467 1732 2551 affirmari,
1764 2469 1913 2560 quodiss
1928 2466 2103 2556 Ecclesia,
2136 2472 2173 2541 in
2196 2499 2263 2564 qua
2287 2501 2346 2546 re·

321 2571 372 2637 ria
392 2569 514 2651 Iacob,
551 2601 630 2643 cum
647 2559 866 2642 benedicitur
881 2572 961 2638 liliis
978 2568 1124 2663 loseph,
1151 2586 1184 2641 et
1205 2575 1307 2642 dein·
1358 2582 1412 2637 cte
1428 2581 1529 2636 sonat
1542 2563 1798 2657 Evangelium,
1830 2565 2142 2657 sint'haecdons,
2173 2576 2346 2645 sicmini-

321 2696 401 2759 ceps
419 2670 552 2741 Aaroni
569 2689 602 2742 et
616 2668 744 2763 liliis⁸).
797 2668 885 2738 Item
900 2668 1023 2742 hostiis
1044 2697 1169 2742 manus
1192 2676 1306 2764 impo-
1359 2670 1653 2740 steriumverum.
1686 2665 1797 2750 †Hac
1813 2695 1868 2739 me
1884 2673 2123 2744 consolatione
2139 2678 2323 2751 sustento.”

321 2774 519 2852 nebautuc,
552 2786 586 2840 et
605 2767 767 2839 Christus
789 2794 914 2842 marsus
935 2775 1139 2863 imponebat
1161 2776 1307 2844 infanti·
1459 2767 1541 2837 Scio
1563 2782 1725 2859 oportere
1744 2785 1946 2861 perpetuam
1971 2797 2044 2842 esse
2065 2771 2280 2861 Ecclesiam,
2311 2794 2347 2850 et

319 2872 400 2939 bus:
428 2866 567 2950 ἐπιθεὶς
582 2866 707 2950 αὐτοῖς
720 2866 787 2951 τὰς
798 2874 925 2965 χεῖρας
937 2876 1053 2966 inquit
1069 2870 1282 2944 Matthaeus.
1360 2893 1436 2937 eam
1449 2894 1524 2937 non
1539 2872 1691 2960 pendere
1707 2895 1748 2939 ex
1763 2873 1876 2944 titulis
1890 2868 2166 2964 Episcoporum,
2186 2881 2247 2946 scd
2265 2904 2347 2949 vere

419 2968 602 3041 Praeterea
629 2996 753 3062 magna
780 2975 966 3063 ministerii
989 2977 1042 3044 vis
1070 2990 1138 3044 est:
1180 3000 1306 3065 magna
1360 2995 1436 3037 eam
1468 2995 1539 3039 esse
1572 2985 1726 3055 coetum,
1767 2973 1829 3064 qui
1860 2988 1962 3043 sonat
1994 2999 2113 3046 vocem
2145 2977 2346 3069 Evangelii.

318 3071 481 3159 dignitas.
532 3069 616 3141 Ideo
633 3068 919 3145 honestissimum
937 3091 1003 3160 est,
1030 3077 1179 3146 electum
1196 3078 1307 3145 mini·
1358 3068 1453 3160 Ergo
1469 3084 1503 3140 el
1516 3071 1754 3147 ministerium
1771 3073 1810 3140 in
1826 3098 1866 3143 eo
1882 3089 1985 3145 coetu
2000 3089 2062 3145 est·

318 3186 432 3241 strum
455 3171 529 3241 sisti
553 3197 670 3244 coram
687 3173 860 3259 Ecclesia,
890 3178 1128 3246 commendari
1147 3176 1222 3247 Deo
1238 3203 1306 3268 pu·
1455 3169 1569 3241 Doleo
1585 3172 1728 3264 quidem
1742 3173 1866 3242 divelli
1882 3199 1948 3244 110⁸
1963 3178 2008 3244 ab
2023 3177 2112 3261 illis,
2136 3179 2199 3269 qui
2224 3194 2348 3254 tenent

317 3274 410 3342 blica
433 3276 653 3367 precatione,
691 3278 892 3345 confirmari
923 3279 1061 3367 collegii
1092 3279 1303 3352 testimonio.
1357 3271 1570 3341 ordinariam
1586 3287 1806 3370 potestatem:
1841 3273 1911 3346 Sed
1927 3278 1994 3368 ipsi
2012 3302 2093 3361 nos,
2122 3280 2198 3348 sinc
2222 3297 2367 3368 nostra¹

317 3372 413 3443 Haec
429 3375 513 3443 olim
531 3399 667 3446 summa
683 3402 764 3447 cum
780 3378 948 3466 gravitate
963 3380 1111 3464 fiebant,
1132 3394 1172 3449 ut
1188 3375 1304 3450 adhuc
1357 3374 1460 3463 culpa
1481 3373 1665 3447 abiiciunt.
1721 3373 1840 3444 Foveo
1861 3378 1969 3467 igitur
1991 3392 2161 3471 quantum
2190 3407 2345 3473 possum,

316 3476 391 3544 lieri
409 3476 574 3564 optarim.
610 3520 612 3523 >
1357 3485 1392 3540 et
1418 3474 1584 3543 omnibus
1613 3498 1691 3545 sum
1720 3470 1881 3546 hortator
1911 3479 2056 3548 fovendi
2086 3475 2152 3549 hoc
2181 3498 2344 3553 nostrum

417 3576 485 3645 Scd
519 3577 637 3662 vides,
674 3604 763 3671 quae
795 3580 840 3648 sit
871 3580 1077 3669 disciplinae
1111 3581 1303 3673 dissipatio,
1356 3597 1498 3664 corpus,
1534 3577 1628 3666 quod
1653 3573 1844 3645 Ecclesiam
1866 3577 1933 3648 Dei
1953 3582 2084 3665 sentio,
2119 3597 2154 3653 et
2178 3584 2344 3675 dissipari

279 3714 284 3724 .
317 3675 385 3744 vix
403 3678 447 3745 ab
464 3678 526 3746 illo
543 3679 673 3767 collega
689 3693 750 3748 tuo
768 3681 948 3769 impetrari
964 3694 1096 3771 posset,
1127 3698 1168 3753 ut
1182 3685 1227 3751 ad
1250 3697 1302 3753 ta·
1355 3676 1505 3747 ROllfflsst
1539 3674 1587 3746 El
1611 3701 1656 3745 ne
1680 3677 1924 3768 dlSSlPffllfflles
1949 3683 2187 3769 0¹⁰rlrffll⁰fs
2213 3689 2344 3757 fflllllflss

314 3778 383 3845 lem
408 3780 514 3848 ritum
538 3780 576 3847 in
599 3782 771 3869 temptum
796 3782 943 3854 veniret.
994 3781 1034 3851 Si
1052 3777 1147 3851 hunc
1165 3809 1300 3853 rnorem
1354 3775 1502 3846 iniurias
1518 3779 1742 3868 perferendas
1756 3802 1827 3847 esse
1842 3805 1978 3872 semper
1993 3785 2124 3856 censui.

314 3894 425 3962 amat,
450 3894 490 3949 ut
507 3905 623 3948 amare
641 3905 720 3949 eum
736 3884 850 3966 decet,
876 3907 938 3951 cur
957 3906 1031 3950 non
1046 3885 1216 3955 renovat?
1251 3884 1300 3957 Et
1454 3876 1572 3949 Habes
1587 3903 1675 3972 quae
1688 3881 1731 3948 de
1746 3880 1971 3970 impositione
1982 3908 2151 3954 manuum
2164 3908 2227 3975 ego
2240 3912 2343 3980 saepe

314 3980 503 4051 instaurari
525 3982 562 4048 in
585 3978 751 4051 Ecclesiis
775 3981 1075 4076 frequentioribus
1098 4000 1188 4055 certe
1213 3988 1299 4058 utile
1352 3979 1503 4068 cogitare
1519 3982 1630 4051 soleo:
1662 3976 1711 4050 Et
1731 4005 1751 4051 a
1772 3995 1807 4052 te
1829 3999 1990 4075 expectO,
2024 3987 2111 4079 quid
2132 3986 2199 4056 tibi
2221 3989 2343 4088 videa-

312 4097 411 4153 essct.
1225 4121 1228 4126 ·
1350 4092 1419 4150 tur.

412 4180 480 4252 Sed
497 4195 613 4251 tamen
628 4198 661 4255 ct
676 4177 744 4253 hoc
759 4185 855 4253 dico:
882 4182 1055 4254 Vocatum
1073 4208 1133 4255 seu
1149 4188 1296 4258 electum

310 4307 394 4351 voce
412 4307 548 4367 corum,
581 4308 687 4374 penes
701 4310 789 4376 qatos
805 4300 855 4355 est
878 4286 934 4354 ius
957 4284 1190 4384 vocationis⁹)
1212 4292 1298 4359 sun·
1351 4313 2344 4373 ·----------τ---·----

309 4396 446 4470 gentem
479 4386 674 4455 ministerio
702 4383 907 4476 Evangelii,
947 4388 1052 4455 etiam
1081 4390 1157 4458 sine
1185 4392 1295 4461 altero
2284 4410 2303 4468 .“

309 4484 381 4553 ritu
399 4485 635 4573 impositionis
650 4511 838 4571 mansium,
863 4511 944 4555 vere
958 4489 1160 4559 ministrum
1173 4489 1296 4562 Evan-
1324 4469 1542 4596 *Q'
2185 4495 2242 4556 27·
2267 4488 2339 4554 0⁰¹·

308 4586 390 4672 gelii
413 4606 501 4669 esse,
538 4610 638 4675 posse
661 4589 804 4672 docere,
834 4615 873 4656 ac
898 4590 1145 4660 administrare
1170 4592 1295 4665 Sacra·
1455 4633 1458 4639 ·
1707 4656 1713 4671 .
1747 4637 1757 4644 ·
2170 4578 2336 4607 Μ

306 4699 435 4753 menta.
1111 4726 1113 4730 Α
1654 4649 1700 4737 V
1696 4664 1758 4734 tto
1793 4651 2029 4737 tbeodoro.

408 4782 507 4853 Nihil
531 4787 626 4855 enim
651 4788 749 4856 addit
772 4788 859 4856 iuris
875 4803 933 4858 aut
954 4791 1130 4880 potestatis
1147 4792 1294 4883 imposi-
1414 4826 1500 4899 Epist.
1515 4828 1618 4884 liuvt.
1639 4847 1666 4898 p.
1678 4829 1730 4883 475
1741 4850 1754 4884 ,

306 4888 357 4955 tio
382 4912 566 4956 manuum:
610 4887 680 4958 Sed
708 4902 759 4959 est
781 4891 970 4960 declaratio
995 4906 1030 4961 et
1051 4895 1292 4984 comprobatio
1448 4916 1508 4953 ¹¹²⁰·
1525 4898 1545 4952 ¹·
1564 4916 1592 4969 P·
1606 4898 1666 4952 ⁵⁷⁶·

306 4989 517 5070 vocationis,
548 4992 590 5058 de
612 5015 679 5080 qua
705 5005 864 5059 constare
889 5015 1027 5060 necesse
1049 5009 1107 5063 est.
1161 4991 1210 5064 Et
1231 5022 1292 5064 va-

304 5088 398 5173 lent,
433 5090 536 5159 etiam
552 5089 773 5177 Sacramenta
796 5106 939 5182 propter
959 5089 1219 5164 ordinationem
1236 5099 1292 5165 di-

304 5190 442 5272 vinam,
465 5191 551 5258 sicut
571 5217 637 5259 vox
654 5189 856 5282 Evangelii:
890 5187 1139 5283 Evangelium
1160 5205 1210 5265 asi
1225 5222 1291 5293 po-

304 5287 418 5357 tentio
435 5286 513 5359 Dei
526 5286 582 5359 od
591 5289 760 5362 salutem.
810 5292 883 5362 Nec
898 5294 1069 5364 differunt
1084 5297 1159 5364 veri
1172 5315 1290 5388 pasto·
1343 5272 1389 5362 S·
1416 5290 1461 5367 D.
1482 5369 1484 5373 ,
1512 5292 1704 5365 Hermann
1717 5289 2027 5392 γραμματοφόρῳ
2043 5296 2159 5367 literas
2174 5303 2270 5390 dedi,
2298 5311 2338 5380 iu

1344 5396 1473 5485 quibus
1499 5398 1700 5487 complexus
1723 5420 1800 5464 sum
1820 5399 1983 5465 materias
2001 5392 2135 5478 οῑκείας
2147 5396 2338 5503 ἡμετέροις

1343 5490 1539 5593 γράμμασι
1545 5550 1557 5582 ,
1598 5499 1660 5589 q'ui
1681 5498 1825 5565 fortasse
1849 5509 2042 5568 antevertet
2065 5494 2161 5571 hunc
2187 5510 2337 5581 tabella-

334 5584 363 5649 5)
383 5583 625 5637 ⁰⁰⁶·M⁰⁰³⁰·⁸'‘⁶
637 5582 798 5635 Brenttnm.
1287 5667 1289 5669 ,
1343 5595 1447 5667 rium.
1509 5598 1579 5670 Sed
1610 5594 1700 5667 hanc
1723 5593 1925 5685 Epistolam'
1948 5593 2032 5667 huic
2063 5604 2229 5691 magistro
2252 5606 2337 5680 An-

334 5668 363 5730 6)
382 5668 438 5769 ¹³¹?
453 5670 577 5766 quisset
590 5666 777 5730 ⁰⁰d’‘M⁰¹¹³⁰'
790 5663 885 5718 ,Μ’
901 5666 931 5718 ω
944 5677 995 5721 ‘⁸¹‘
1345 5692 1450 5767 dreae
1464 5696 1599 5769 Ketzd
1617 5698 1716 5782 dodi,
1748 5710 1832 5767 nato
1856 5698 1894 5766 iu
1911 5700 2046 5769 ditione
2064 5698 2333 5795 Mansfeldensi,

333 5755 362 5821 7)
380 5773 425 5821 qut
434 5770 619 5821 praecrpuom
633 5758 684 5803 etc.
698 5766 754 5801 non
769 5748 849 5803 babet
860 5752 922 5806 cod.
936 5752 1048 5807 Monac.
2316 5790 2323 5804 s

332 5836 360 5905 3)
378 5836 434 5889 p„
449 5837 560 5887 Aaront
571 5842 623 5886 ,gg
638 5832 700 5884 cod.
715 5831 842 5887 Monac:
862 5836 892 5886 ὑ,
906 5837 1003 5889 Mona.
1343 5800 1406 5890 qui
1430 5814 1508 5889 post
1524 5813 1669 5869 mortem
1686 5800 1797 5890 patris
1813 5794 1951 5869 bonesti
1967 5815 2001 5871 et
2016 5802 2069 5894 pii
2084 5807 2195 5889 senis,
2222 5809 2334 5882 Nori-

293 5989 296 5996 ¹
330 5924 359 5993 9)
377 5921 446 5978 cod.
459 5919 571 5973 Monac
587 5926 707 5972 uncum:
726 5932 790 5974 voce
804 5900 999 5987 superorum(
1343 5901 1484 5990 bergam
1516 5900 1562 5969 ad
1595 5903 1844 5997 componenda,
1871 5905 2042 5995 quaedam
2076 5908 2215 6010 negotia
2248 5938 2331 5984 cun,

1755 4848 1783 4901 q.
1801 4860 1837 4872 -
1860 4829 1913 4888 llic
1927 4851 1957 4887 ex
1972 4840 2139 4912 autographo
2152 4840 2180 4893 in
2192 4841 2253 4895 cod.
2268 4842 2338 4898 Μο-

1349 5051 1389 5128 V
1395 5053 1412 5123 ι’
1418 5063 1462 5123 to
1487 5047 1757 5140 Theodoro,
1784 5051 1927 5128 docenti
1942 5057 2093 5157 Evang.
2111 5063 2151 5133 in
2166 5062 2337 5142 Ecclesia

1650 5208 1653 5223 ,
1736 5152 1935 5254 Noriberg.
