5325 6917
422 700 502 776 oto

428 867 523 940 Item
545 864 612 964 qni
632 859 833 936 manducat
853 869 884 932 ct
908 859 999 933 bibit
1017 855 1206 956 indigni,
1237 856 1414 932 indicium

428 969 504 1041 sihi
517 961 718 1038 manducat
735 975 765 1034 et
782 963 885 1034 bibit.

528 1069 625 1141 llaec
641 1081 779 1160 peccata
794 1080 975 1137 merentur
987 1079 1146 1135 aeternas
1162 1085 1302 1155 poenas,
1325 1074 1361 1130 et
1378 1061 1416 1127 in

430 1170 495 1243 hac
513 1172 584 1240 sita
599 1193 700 1239 causa
715 1186 798 1239 sunt
813 1191 1020 1258 magnarum
1043 1168 1279 1237 calamitatum
1295 1163 1417 1253 publi-

430 1299 571 1352 carum,
595 1272 790 1349 bellorum,
816 1283 851 1338 et
871 1270 1083 1340 vastitatum.
1134 1265 1187 1337 Ac
1202 1269 1245 1334 ad
1261 1263 1417 1333 officium

429 1375 590 1445 omnium
611 1374 886 1460 gubernatorum
905 1372 943 1438 in
960 1366 1133 1452 Ecclesia,
1158 1365 1417 1459 Episcoporum

431 1489 466 1545 et
479 1475 686 1564 Principum
707 1472 877 1565 pertinet,
903 1468 994 1540 hanc
1016 1469 1235 1538 manifestam
1258 1464 1418 1558 profani-

430 1591 538 1650 tatem
566 1574 804 1659 Sacramenti,
837 1585 1010 1665 quantum
1033 1571 1109 1639 fieri
1131 1582 1264 1660 potest,
1293 1560 1418 1659 prohi-

430 1680 526 1752 bere.
576 1675 674 1747 llaec
690 1689 742 1745 est
755 1674 1037 1744 manifestissima
1055 1672 1195 1741 veritas.

533 1777 713 1864 Secundo,
738 1776 844 1845 missa
865 1771 933 1845 hoc
948 1775 1036 1843 falso
1051 1772 1240 1863 praeconio
1260 1781 1418 1849 ornatur,

432 1894 466 1949 et
486 1904 527 1949 ex
547 1874 612 1948 hac
629 1879 870 1970 persuasione,
896 1877 1020 1946 missae
1043 1875 1201 1968 privatae
1219 1869 1417 1940 cumulatae

432 1994 528 2064 sunt,
552 1981 715 2049 videlieet
732 1982 826 2071 quod
845 1977 1058 2047 sacrificulus
1072 1976 1196 2045 offerat
1211 1972 1323 2040 filium
1341 1967 1420 2052 Dei,

433 2096 468 2153 et
492 2078 559 2150 hoc
590 2081 757 2151 sacrificio
787 2094 961 2148 mereatur
985 2073 1145 2170 †vivis¹'
1174 2073 1419 2142 remissionem

431 2198 653 2274 peccatorum
667 2178 709 2275 ²⁸)
732 2196 766 2250 et
788 2181 936 2268 mortuis
961 2179 1205 2248 liberationem
1229 2199 1270 2243 ex
1291 2195 1420 2270 purga-

433 2285 545 2362 torio,
578 2307 619 2352 ex
641 2307 747 2376 opere
770 2296 935 2373 operato,
968 2279 1071 2351 etiam
1100 2279 1176 2347 sine
1199 2277 1294 2346 bono
1321 2286 1420 2342 motu

433 2386 574 2455 utentis.

532 2484 765 2572 ,Manifestum
783 2481 840 2554 est'
855 2497 992 2567 autem,
1017 2473 1161 2551 coenam
1177 2476 1322 2546 Domini
1346 2497 1419 2541 non

436 2587 632 2656 institutam
656 2609 722 2675 pro
751 2583 901 2653 mortuis
926 2606 1017 2666 esse,
1057 2581 1139 2673 quia
1163 2590 1276 2646 textus
1302 2588 1421 2667 aperte

433 2687 605 2777 praecipit
628 2685 907 2753 recordationem
926 2683 1050 2750 mortis
1075 2676 1229 2757 Christi,
1256 2678 1352 2768 qnod
1376 2676 1421 2742 ad

433 2801 592 2855 mortuos
609 2785 866 2855 accommodari
881 2807 952 2850 non
970 2794 1092 2874 potest.
1143 2778 1286 2849 Certum
1302 2791 1337 2846 et
1353 2770 1421 2843 hoc

436 2902 505 2971 cst,
537 2888 694 2954 viventes
722 2910 797 2953 non
820 2883 975 2974 accipere
998 2881 1238 2951 remissionem
1263 2891 1422 2968 peccato-

436 3015 515 3057 rum
531 2988 587 3056 sel
602 3000 747 3077 propter
760 3008 850 3077 opus
864 2984 1069 3066 sacrificuli,
1096 2982 1151 3049 rel
1167 2994 1308 3070 propter
1324 2977 1422 3046 aliud

435 3090 672 3182 quodcunque
687 3110 776 3180 opus
800 3082 1016 3170 burrianum,
1040 3086 1097 3152 sed
1118 3095 1253 3151 tantum
1280 3094 1423 3170 propter

435 3187 636 3272 Christum,
656 3189 799 3280 propria
816 3189 883 3255 fide
904 3187 1000 3256 iuxta
1018 3187 1206 3253 salutarem
1223 3181 1422 3249 doctrinam

437 3296 479 3359 de
497 3293 582 3369 lide,
606 3304 645 3357 ut
665 3290 915 3386 scriptumest:
942 3278 1155 3377 Instatsfide
1172 3305 1241 3349 sna
1259 3281 1359 3351 niret.

462 3407 466 3419 '
537 3387 602 3456 Est
622 3402 739 3455 autem
761 3388 903 3476 publica
928 3388 1105 3478 persuasio
1123 3383 1293 3462 maximae
1313 3380 1423 3471 partis

437 3488 643 3571 lmminum,
669 3487 811 3555 missam
834 3487 961 3554 mereri
984 3486 1127 3555 facienti
1148 3498 1182 3554 et
1198 3484 1277 3553 aliis
1298 3482 1423 3551 remis-

437 3593 573 3661 sionem
589 3601 808 3680 peccatorum
826 3600 860 3656 et
875 3587 983 3656 vitam
1000 3602 1187 3657 aeternam.

443 3744 446 3748 -
538 3688 586 3761 Et
609 3685 729 3760 haeret
755 3684 841 3758 haec
870 3689 909 3756 in
937 3687 1115 3756 mentibus
1136 3686 1424 3778 praecipuorum,

438 3795 526 3866 adeo
548 3806 588 3863 ut
610 3805 756 3884 putent,
779 3790 810 3860 si
826 3789 899 3860 sint
912 3788 1044 3858 assidui
1065 3798 1272 3878 spectatores
1289 3786 1426 3871 missae,

438 3924 475 3968 se
496 3892 679 3965 habituros
700 3894 848 3984 gratiam
869 3890 956 3976 Dei,
980 3911 1177 3968 successus,
1203 3901 1237 3956 et
1261 3909 1425 3974 magnam

436 3998 658 4078 felicitatem,
680 3996 785 4065 etiam
808 4018 888 4063 cum
907 4003 1130 4085 perseverant
1151 3989 1191 4057 in
1207 3988 1286 4058 aliis
1309 3988 1425 4056 mani-

437 4099 535 4173 festis
551 4095 750 4168 sceleribus.

537 4197 587 4268 Et
603 4208 821 4266 concurrunt
846 4194 974 4263 multae
988 4215 1148 4271 caussae,
1175 4204 1320 4282 propter
1339 4212 1425 4282 quas

437 4314 597 4396 potentes
619 4301 722 4368 valde
745 4297 917 4367 dimicant
941 4298 985 4363 de
1002 4294 1143 4364 tuendis
1160 4293 1285 4361 missae
1306 4291 1426 4362 abusi-

438 4409 525 4488 bus,
550 4426 701 4496 quarum
717 4399 830 4491 prima
847 4411 913 4468 est:
939 4395 1049 4466 Multi
1064 4408 1222 4487 potentes
1238 4409 1273 4464 et
1285 4392 1426 4486 sapien-

439 4520 490 4576 tes
512 4507 763 4593 gubernatores
787 4502 912 4570 dicunt
933 4521 1054 4568 omnes
1075 4498 1287 4594 mutationes
1308 4496 1426 4566 vitan-

334 4649 337 4655 ·
368 4614 374 4626 '
440 4608 502 4675 das
525 4627 618 4687 esse,
642 4603 826 4693 praecipue
843 4614 958 4671 autem
982 4595 1091 4669 hanc:
1120 4595 1215 4687 Quia
1241 4596 1346 4668 missa
1370 4595 1426 4666 vi-

440 4709 565 4776 deatur
581 4726 711 4770 nervus
729 4725 800 4770 esse
817 4701 1010 4792 religionis.

539 4802 590 4871 lli
620 4802 761 4884 dicunt,
801 4805 972 4891 populum
1004 4804 1079 4872 fore
1111 4803 1318 4892 profanum,
1351 4824 1424 4869 non

325 4987 337 5001 ,
439 4920 628 4980 venturum
647 4903 685 4971 in
704 4901 844 4992 templa,
870 4926 941 4969 non
958 4916 1206 4972 veneraturum
1221 4904 1310 4972 ullas
1329 4924 1425 4968 ccre-

439 5009 595 5091 monias,
621 5005 656 5074 si.
670 5004 797 5073 usitata
813 5006 1029 5071 consuetudo
1047 5004 1185 5089 legendi
1204 5002 1325 5070 missas
1345 5025 1425 5069 mu-

439 5125 584 5186 taretur.
626 5106 765 5177 Deinde
781 5103 933 5172 multum
951 5103 1068 5169 valent
1082 5097 1147 5169 hac
1165 5126 1314 5187 caussae,
1340 5127 1424 5171 con·

440 5212 609 5290 suetudo,
639 5210 738 5277 lucra
753 5200 815 5302 ²⁹),
840 5202 1045 5275 excellentia
1061 5201 1196 5272 ordinis
1212 5204 1425 5274 sacrificulo-

440 5339 531 5400 rum.
584 5309 667 5378 ldeo
684 5310 766 5378 satis
786 5308 931 5390 scimus,
957 5305 1244 5375 reformationem
1267 5330 1425 5377 commu-

441 5415 561 5487 nionis
575 5426 610 5482 et
627 5410 751 5479 missae
766 5410 869 5480 valde
883 5407 1063 5477 difficilem
1080 5431 1164 5481 esse.

444 5625 497 5637 ,..-.

474 5731 519 5798 28)
537 5728 598 5780 Per.
608 5720 697 5777 addita
711 5721 781 5774 vivis
796 5730 823 5773 et
835 5723 962 5789 mortuis,
976 5724 1046 5776 vivis
1059 5722 1252 5774 liberationem
1264 5739 1283 5773 α
1294 5723 1426 5784 peccatis.

474 5835 519 5901 29)
536 5831 628 5891 lucro]
641 5824 706 5878 Per.
717 5824 814 5889 longa.
895 5847 900 5854 ·

998 627 1438 802 nrrsronanoar
1494 690 1603 771 nm.
1637 691 1702 772 nr.
1755 690 1888 771 1545.

2382 695 2465 772 620

1569 863 1661 936 Cum
1684 879 1801 936 autem
1827 889 1982 953 errores,
2015 871 2059 938 de
2088 868 2217 961 quibus
2240 869 2464 951 dictumest,

1469 978 1505 1034 et
1521 966 1651 1036 abusus
1666 970 1753 1036 adeo
1769 969 1873 1038 crassi
1890 983 1924 1038 et
1942 972 2119 1040 manifesti
2141 971 2229 1037 sint:
2259 968 2376 1036 Valde
2401 993 2465 1036 ne·

1470 1089 1563 1135 cesse
1579 1081 1648 1147 est,
1673 1069 1756 1136 tales
1778 1070 2038 1158 profanationes
2055 1069 2273 1140 Sacramenti
2289 1094 2367 1138 non
2389 1072 2463 1138 dis-

1470 1167 1643 1242 simulari.
1693 1166 1741 1237 Et
1756 1164 1824 1237 hoc
1845 1173 2033 1241 consilium
2048 1174 2164 1240 solum
2189 1185 2305 1241 tutum
2330 1184 2401 1255 est,
2426 1184 2465 1241 ut

1470 1268 1583 1359 prima
1601 1282 1750 1340 etvetus
1766 1275 1983 1341 consuetudo
2003 1273 2264 1342 communionis
2283 1268 2361 1364 †et
2379 1272 2464 1341 mis-

1470 1368 1554 1438 sae''
1578 1393 1700 1440 rursus
1721 1370 1956 1455 instauretur,
1982 1388 2015 1443 et
2038 1374 2248 1443 omittantur
2267 1374 2416 1441 venales
2430 1388 2465 1445 et

1469 1470 1625 1561 privatae
1640 1472 1777 1543 missae.
1828 1471 1899 1541 Sed
1917 1476 2042 1543 diebus
2065 1475 2254 1544 dominicis
2276 1489 2311 1543 et
2328 1475 2368 1541 in
2384 1474 2463 1544 aliis

1468 1571 1566 1640 feriis
1592 1586 1626 1641 et
1650 1572 1728 1642 aliis
1751 1570 1896 1657 diebus,
1921 1599 2000 1644 cum
2021 1589 2142 1666 petent
2164 1575 2277 1668 aliqui
2300 1600 2464 1645 commu-

1470 1672 1635 1758 nionem,
1667 1669 1814 1742 honeste
1845 1676 2042 1746 celebretur
2071 1677 2292 1759 communio,
2330 1676 2464 1771 inqua

1470 1776 1653 1868 presbyter
1685 1774 1863 1866 aliquibus
1897 1779 2086 1869 exploratis
2119 1790 2154 1846 et
2188 1777 2381 1861 absolutis,
2424 1793 2466 1850 ut

1471 1876 1606 1945 dictum
1639 1888 1708 1960 est,
1748 1876 1937 1948 distribuat
1965 1901 2093 1969 corpus
2128 1892 2163 1947 et
2192 1879 2401 1968 sanguinem
2418 1875 2465 1973 ⁸⁰)
2500 1965 2503 1972 Ι

1470 1974 1629 2049 Domini.

1572 2076 1754 2150 Praeterea
1771 2082 1863 2151 etde
1879 2076 1995 2149 haere
2013 2080 2084 2150 dici
2099 2105 2237 2152 necesse
2255 2095 2320 2156 est.
2370 2079 2465 2152 Cum

1472 2179 1541 2247 iam
1565 2182 1717 2271 populus
1737 2196 1832 2251 certo
1857 2182 1943 2250 sciat
1966 2205 2111 2250 coenam
2134 2180 2317 2253 aChristo
2341 2184 2391 2253 sie
2407 2185 2464 2253 in-

1472 2280 1630 2350 stitutam
1655 2305 1746 2367 esse,
1771 2296 1811 2352 ut
1830 2285 1934 2351 detur
1958 2297 1991 2352 ct
2013 2298 2172 2354 sumatur
2195 2286 2374 2375 integrum
2398 2284 2464 2356 Sa-

1472 2395 1690 2452 cramentum
1707 2406 1781 2452 non
1795 2396 1935 2452 tantum
1953 2408 1970 2449 a
1988 2387 2244 2471 sacerdotibus,
2269 2389 2332 2455 sed
2355 2387 2465 2456 etiam

1472 2506 1492 2550 a
1512 2482 1664 2572 populo,
1689 2484 1910 2567 multisunt,
1937 2510 2089 2577 quorum
2105 2488 2341 2558 conscientiae
2359 2488 2465 2557 valde

1472 2597 1651 2672 anguntur
1667 2598 1811 2675 propter
1825 2608 1929 2653 nsum
1944 2585 2052 2654 unius
2067 2587 2191 2678 partis.

1573 2681 1833 2766 Excruciantur
1853 2684 1946 2754 enim
1964 2687 2207 2774 dubitatione,
2232 2679 2327 2761 etse
2348 2693 2462 2760 facere

1474 2798 1597 2854 contra
1613 2788 1819 2857 mandatum
1839 2782 1973 2858 Christi
1995 2789 2166 2864 iudicant.
2217 2789 2342 2885 anue
2361 2795 2406 2862 de
2423 2816 2461 2861 re

1474 2886 1602 2954 scimus
1618 2887 1840 2975 gravissimas
1858 2911 1930 2955 esse
1946 2891 2106 2980 querelas
2120 2894 2262 2982 piorum
2283 2896 2322 2961 in
2339 2893 2463 2962 multis

1475 2986 1694 3075 regionibus,
1729 3013 1768 3057 ac
1796 2989 2007 3058 nominatim
2036 2991 2075 3058 in
2101 2991 2270 3079 Bavaria,
2305 2994 2462 3078 dustria,

1474 3087 1821 3174 luliacensiDucatu,
1846 3087 2040 3160 Brabantia
2057 3106 2092 3162 et
2107 3091 2313 3167 Hollandia.
2364 3093 2463 3164 llaec

1474 3187 1648 3258 dubitatio
1674 3190 1819 3282 impedit
1842 3215 1960 3259 veram
1985 3193 2261 3274 invocationem,
2290 3210 2325 3265 et
2346 3198 2465 3267 ‹leter-

1474 3304 1529 3359 ret
1549 3284 1711 3359 homines
1733 3293 1777 3359 ab
1801 3315 1867 3360 usu
1882 3291 2119 3373 Sacramenti,
2142 3308 2174 3363 et
2190 3296 2373 3363 utentibus
2397 3299 2465 3365 ad-

1473 3393 1542 3480 fert
1559 3393 1737 3479 angustias
1755 3393 1884 3478 animi,
1910 3419 1999 3486 qnae
2023 3395 2163 3486 pariunt
2184 3395 2465 3486 desperationes,

1474 3492 1564 3562 utin
1581 3494 1703 3562 multis
1717 3493 1872 3563 ostendit
1886 3510 2042 3566 eventus.

1553 3590 1641 3698 ¹Hoc
1660 3618 1751 3663 onus
1767 3597 2060 3667 conscientiarum
2076 3599 2213 3668 auferre
2226 3592 2267 3666 hi
2280 3599 2345 3691 qui
2357 3623 2466 3689 prae·

1476 3707 1558 3763 sunt
1592 3695 1632 3761 in
1662 3692 1820 3764 Ecclesia
1850 3695 2018 3788 Episcopi
2045 3714 2079 3769 et
2106 3697 2290 3791 Principes
2321 3703 2462 3773 debent.

1477 3793 1595 3883 Quare
1612 3795 1714 3864 valde
1735 3821 1874 3866 necesse
1889 3812 1940 3868 est
1960 3799 2098 3869 restitui
2112 3823 2219 3870 usum
2232 3815 2386 3871 veterem
2406 3803 2463 3872 in-

1476 3897 1563 3986 tegri
1581 3895 1810 3967 Sacramenti.
2223 3887 2230 3896 ⁵

1578 3996 1684 4066 'l'ales
1708 4012 1791 4069 sunt
1815 4001 1995 4088 angustiae
2021 4001 2256 4073 conscientiae
2286 4005 2394 4074 etiam
2425 4005 2462 4073 in

1477 4099 1715 4168 sacerdotibus
1729 4092 1921 4170 multa'rum
1939 4102 2124 4190 regionum
2134 4099 2186 4200 ³¹).
2220 4104 2333 4174 Multi
2349 4106 2464 4177 sciunt

1476 4220 1512 4266 se
1546 4223 1707 4288 peccare,
1748 4203 1842 4292 quod
1875 4219 2020 4294 propter
2051 4206 2366 4285 consuetudinem,
2404 4223 2464 4279 atat

1476 4301 1699 4390 asperitatem
1715 4303 1941 4372 dominorum
1957 4306 2066 4402 coacti
2081 4306 2233 4396 privatas
2249 4320 2283 4376 et
2297 4307 2463 4378 funebres

1476 4404 1598 4470 missas
1624 4401 1762 4493 legunt,
1803 4418 1837 4474 et
1871 4403 2047 4498 tamen³²)
2080 4401 2261 4477 adversari
2289 4409 2463 4489 dominis,

1476 4499 1597 4596 †qui''
1618 4504 1745 4574 nolunt
1760 4506 1875 4576 omitti
1884 4504 1925 4600 ³³)
1940 4503 2006 4576 hos
2021 4510 2110 4577 ritus
2127 4532 2202 4578 non
2215 4511 2360 4579 audent.
2396 4508 2464 4578 His

1478 4605 1703 4675 conscientiis
1726 4608 1859 4675 mederi
1879 4609 2037 4698 oportuit
2052 4606 2245 4703 Episcopus
2268 4622 2301 4677 et
2318 4607 2467 4680 Princi-

1477 4730 1556 4797 pes,
1583 4707 1678 4775 iuxta
1693 4702 1784 4775 hanc
1803 4708 1895 4796 piam
1920 4711 2077 4799 regulam
2094 4724 2128 4780 et
2141 4707 2317 4781 Ecclesiae
2340 4733 2464 4782 neces·

1478 4808 1624 4888 sariam,
1656 4830 1745 4898 quae
1775 4809 1890 4877 docet:
1926 4808 2074 4879 nullam
2097 4806 2369 4880 ordinationem
2395 4807 2463 4882 hac-

1478 4929 1629 4973 manam
1654 4904 1694 4975 in
1718 4903 1887 4977 Ecclesia
1921 4906 2147 4981 retinendam
2179 4921 2244 4981 ant
2269 4911 2464 4984 stabilien-

1479 5001 1566 5076 dam
1591 5030 1684 5094 essa,
1717 5032 1810 5107 qaae
1834 5007 2006 5106 polluens
2035 5011 2293 5084 conscientiam
2317 5015 2463 5114 impedit

1479 5108 1740 5179 invocationem
1767 5107 1860 5193 Dei,
1891 5124 1956 5183 arat
1986 5113 2272 5184 observationem
2306 5116 2465 5188 alieuius

1478 5206 1652 5282 mandati
1667 5208 1795 5300 di‘cini,
1821 5216 1909 5288 sicut
1920 5216 2050 5287 Paulus
2067 5218 2202 5312 inquit:
2228 5215 2382 5290 Datum
2396 5243 2465 5290 csse

1513 5525 1560 5594 80)
1580 5530 1641 5581 nez.
1656 5539 1864 5582 sacramentum
1879 5535 2002 5592 corporis
2017 5545 2044 5586 et
2057 5540 2211 5604 sanguinis.

1512 5622 1558 5688 51)
1577 5626 1732 5676 multarum
1745 5628 1905 5692 regionum]
1918 5631 1980 5685 Per.
1997 5636 2099 5687 multis.

1514 5719 1562 5790 82)
1580 5721 1642 5775 Pez.
1656 5721 1692 5775 Et
1704 5731 1800 5778 tamen
1812 5729 1885 5793 qaia.

1514 5817 1559 5888 88)
1579 5821 1684 5887 omitti]
1700 5825 1763 5877 Ρη.
1776 5826 1914 5882 omittere.
