<?xml version="1.0" encoding="UTF-8"?>
<!DOCTYPE html PUBLIC "-//W3C//DTD XHTML 1.0 Transitional//EN"
    "http://www.w3.org/TR/xhtml1/DTD/xhtml1-transitional.dtd">
<html xmlns="http://www.w3.org/1999/xhtml" xml:lang="en" lang="en">
 <head>
  <title>
</title>
<meta http-equiv="Content-Type" content="text/html;charset=utf-8" />
  <meta name='ocr-system' content='tesseract 3.04.00' />
  <meta name='ocr-capabilities' content='ocr_page ocr_carea ocr_par ocr_line ocrx_word'/>
</head>
<body>
  <div class='ocr_page' id='page_1' title='image "./philippimelanth10melagoog_0418.png"; bbox 0 0 5325 6917; ppageno 0'>
   <div class='ocr_carea' id='block_1_1' title="bbox 305 745 2347 844">
    <p class='ocr_par' dir='ltr' id='par_1_1' title="bbox 305 745 2347 844">
     <span class='ocr_line' id='line_1_1' title="bbox 305 745 2347 844; baseline 0.009 -20"><span class='ocrx_word' id='word_1_1' title='bbox 305 753 378 826; x_wconf 83' lang='lat'><strong>801</strong></span> <span class='ocrx_word' id='word_1_2' title='bbox 885 745 1324 824; x_wconf 84' lang='lat' dir='ltr'><strong>EPISTOLARUM</strong></span> <span class='ocrx_word' id='word_1_3' title='bbox 1375 750 1482 830; x_wconf 90' lang='lat' dir='ltr'><strong>LIB.</strong></span> <span class='ocrx_word' id='word_1_4' title='bbox 1511 753 1574 831; x_wconf 88' lang='lat' dir='ltr'><strong>lX.</strong></span> <span class='ocrx_word' id='word_1_5' title='bbox 1626 754 1759 836; x_wconf 77' lang='lat'><strong>1645.</strong></span> <span class='ocrx_word' id='word_1_6' title='bbox 2272 771 2347 844; x_wconf 75' lang='lat'><strong>802</strong></span> 
     </span>
    </p>
   </div>
   <div class='ocr_carea' id='block_1_2' title="bbox 306 923 2343 1210">
    <p class='ocr_par' dir='ltr' id='par_1_2' title="bbox 306 923 2343 1210">
     <span class='ocr_line' id='line_1_2' title="bbox 306 923 2343 1053; baseline 0.011 -64"><span class='ocrx_word' id='word_1_7' title='bbox 306 923 506 1053; x_wconf 59' lang='lat' dir='ltr'><strong>Q.</strong></span> <span class='ocrx_word' id='word_1_8' title='bbox 1183 926 1237 1005; x_wconf 90' lang='lat' dir='ltr'><strong>(h.</strong></span> <span class='ocrx_word' id='word_1_9' title='bbox 1255 930 1303 1011; x_wconf 84' lang='lat' dir='ltr'><strong>t.)</strong></span> <span class='ocrx_word' id='word_1_10' title='bbox 1352 923 1475 1014; x_wconf 83' lang='lat' dir='ltr'>plicet,</span> <span class='ocrx_word' id='word_1_11' title='bbox 1502 939 1536 995; x_wconf 92' lang='lat' dir='ltr'><strong>te</strong></span> <span class='ocrx_word' id='word_1_12' title='bbox 1555 950 1629 996; x_wconf 93' lang='lat' dir='ltr'><strong>non</strong></span> <span class='ocrx_word' id='word_1_13' title='bbox 1650 932 1848 1020; x_wconf 83' lang='lat' dir='ltr'><strong>proiectum</strong></span> <span class='ocrx_word' id='word_1_14' title='bbox 1869 955 1942 1003; x_wconf 87' lang='lat' dir='ltr'><strong>esse</strong></span> <span class='ocrx_word' id='word_1_15' title='bbox 1966 937 2011 1006; x_wconf 87' lang='lat' dir='ltr'><strong>ad</strong></span> <span class='ocrx_word' id='word_1_16' title='bbox 2032 935 2131 1007; x_wconf 87' lang='lat' dir='ltr'><strong>illam</strong></span> <span class='ocrx_word' id='word_1_17' title='bbox 2144 930 2343 1011; x_wconf 79' lang='lat' dir='ltr'><strong>contentio-</strong></span> 
     </span>
     <span class='ocr_line' id='line_1_3' title="bbox 1167 1021 1720 1129; baseline 0.007 -35"><span class='ocrx_word' id='word_1_18' title='bbox 1167 1021 1301 1051; x_wconf 47' lang='grc' dir='ltr'>Μ</span> <span class='ocrx_word' id='word_1_19' title='bbox 1352 1027 1720 1129; x_wconf 84' lang='lat' dir='ltr'><strong>neminsuavem&#39;&#39;²).</strong></span> 
     </span>
     <span class='ocr_line' id='line_1_4' title="bbox 710 1119 879 1210; baseline 0.024 -8"><span class='ocrx_word' id='word_1_20' title='bbox 710 1119 879 1210; x_wconf 81' lang='lat' dir='ltr'><em>Eidem.</em></span> 
     </span>
    </p>
   </div>
   <div class='ocr_carea' id='block_1_3' title="bbox 379 1277 1302 1356">
    <p class='ocr_par' dir='ltr' id='par_1_3' title="bbox 379 1277 1302 1356">
     <span class='ocr_line' id='line_1_5' title="bbox 379 1277 1302 1356; baseline -0.009 -16"><span class='ocrx_word' id='word_1_21' title='bbox 379 1285 418 1340; x_wconf 78' lang='lat' dir='ltr'><strong>Er</strong></span> <span class='ocrx_word' id='word_1_22' title='bbox 431 1283 586 1356; x_wconf 80' lang='lat' dir='ltr'><strong>apographo</strong></span> <span class='ocrx_word' id='word_1_23' title='bbox 598 1281 626 1335; x_wconf 90' lang='lat' dir='ltr'><strong>in</strong></span> <span class='ocrx_word' id='word_1_24' title='bbox 642 1282 704 1337; x_wconf 87' lang='lat' dir='ltr'><strong>cod.</strong></span> <span class='ocrx_word' id='word_1_25' title='bbox 717 1280 810 1336; x_wconf 81' lang='lat' dir='ltr'><strong>Bavari</strong></span> <span class='ocrx_word' id='word_1_26' title='bbox 826 1299 854 1353; x_wconf 92' lang='lat' dir='ltr'><strong>p.</strong></span> <span class='ocrx_word' id='word_1_27' title='bbox 869 1280 943 1337; x_wconf 78' lang='lat' dir='ltr'><strong>toto.</strong></span> <span class='ocrx_word' id='word_1_28' title='bbox 962 1280 1031 1335; x_wconf 87' lang='lat' dir='ltr'><strong>edita</strong></span> <span class='ocrx_word' id='word_1_29' title='bbox 1048 1297 1063 1333; x_wconf 82' lang='lat' dir='ltr'><strong>a</strong></span> <span class='ocrx_word' id='word_1_30' title='bbox 1078 1279 1165 1335; x_wconf 79' lang='lat' dir='ltr'><strong>Dana.</strong></span> <span class='ocrx_word' id='word_1_31' title='bbox 1186 1298 1229 1352; x_wconf 89' lang='lat' dir='ltr'><strong>ep.</strong></span> <span class='ocrx_word' id='word_1_32' title='bbox 1242 1277 1302 1350; x_wconf 62' lang='lat'><strong>46„</strong></span> 
     </span>
    </p>
   </div>
   <div class='ocr_carea' id='block_1_4' title="bbox 409 1351 2386 1503">
    <p class='ocr_par' dir='ltr' id='par_1_4' title="bbox 409 1351 2386 1503">
     <span class='ocr_line' id='line_1_6' title="bbox 409 1351 2386 1451; baseline -0.022 -42"><span class='ocrx_word' id='word_1_33' title='bbox 409 1372 485 1409; x_wconf 84' lang='lat' dir='ltr'><strong>nunc</strong></span> <span class='ocrx_word' id='word_1_34' title='bbox 501 1373 531 1407; x_wconf 78' lang='lat' dir='ltr'><strong>ex</strong></span> <span class='ocrx_word' id='word_1_35' title='bbox 545 1352 607 1426; x_wconf 83' lang='lat' dir='ltr'><strong>eod.</strong></span> <span class='ocrx_word' id='word_1_36' title='bbox 624 1351 686 1408; x_wconf 91' lang='lat' dir='ltr'><strong>cod.</strong></span> <span class='ocrx_word' id='word_1_37' title='bbox 701 1351 844 1422; x_wconf 85' lang='lat' dir='ltr'><strong>descripta.</strong></span> <span class='ocrx_word' id='word_1_38' title='bbox 1361 1361 1428 1437; x_wconf 52' lang='lat' dir='ltr'><strong>No·</strong></span> <span class='ocrx_word' id='word_1_39' title='bbox 1443 1363 1555 1438; x_wconf 54' lang='lat'><strong>3232·</strong></span> <span class='ocrx_word' id='word_1_40' title='bbox 2189 1391 2247 1451; x_wconf 47' lang='lat'><strong>28·</strong></span> <span class='ocrx_word' id='word_1_41' title='bbox 2262 1380 2320 1444; x_wconf 47' lang='grc' dir='ltr'><strong>Μ.</strong></span> <span class='ocrx_word' id='word_1_42' title='bbox 2383 1361 2386 1366; x_wconf 94' lang='grc'><strong>.</strong></span> 
     </span>
     <span class='ocr_line' id='line_1_7' title="bbox 1356 1461 2338 1503; baseline -0.022 20"><span class='ocrx_word' id='word_1_43' title='bbox 1356 1461 1570 1498; x_wconf 52' lang='grc' dir='ltr'><strong>Μ</strong></span> <span class='ocrx_word' id='word_1_44' title='bbox 2166 1473 2338 1503; x_wconf 58' lang='lat' dir='ltr'><strong>sous.-</strong></span> 
     </span>
    </p>
   </div>
   <div class='ocr_carea' id='block_1_5' title="bbox 461 1502 2067 1608">
    <p class='ocr_par' dir='ltr' id='par_1_5' title="bbox 461 1502 2067 1608">
     <span class='ocr_line' id='line_1_8' title="bbox 461 1502 2067 1608; baseline 0.009 -28"><span class='ocrx_word' id='word_1_45' title='bbox 461 1508 552 1580; x_wconf 90' lang='lat' dir='ltr'><strong>Dm.</strong></span> <span class='ocrx_word' id='word_1_46' title='bbox 570 1507 666 1580; x_wconf 84' lang='lat' dir='ltr'><strong>Doc.</strong></span> <span class='ocrx_word' id='word_1_47' title='bbox 691 1504 735 1583; x_wconf 88' lang='lat' dir='ltr'><em>N</em></span> <span class='ocrx_word' id='word_1_48' title='bbox 741 1506 758 1576; x_wconf 87' lang='lat' dir='ltr'><strong>i</strong></span> <span class='ocrx_word' id='word_1_49' title='bbox 765 1505 899 1578; x_wconf 84' lang='lat' dir='ltr'><strong>colae</strong></span> <span class='ocrx_word' id='word_1_50' title='bbox 920 1502 1031 1578; x_wconf 70' lang='lat' dir='ltr'><strong>Med</strong></span> <span class='ocrx_word' id='word_1_51' title='bbox 1037 1504 1054 1576; x_wconf 84' lang='lat' dir='ltr'><strong>l</strong></span> <span class='ocrx_word' id='word_1_52' title='bbox 1060 1531 1144 1578; x_wconf 79' lang='lat' dir='ltr'><strong>ero.</strong></span> <span class='ocrx_word' id='word_1_53' title='bbox 1627 1519 1777 1604; x_wconf 71' lang='lat' dir='ltr'><strong>Ioach,</strong></span> <span class='ocrx_word' id='word_1_54' title='bbox 1805 1519 2067 1608; x_wconf 75' lang='lat' dir='ltr'><strong>Camerario,</strong></span> 
     </span>
    </p>
   </div>
   <div class='ocr_carea' id='block_1_6' title="bbox 310 1645 2344 1758">
    <p class='ocr_par' dir='ltr' id='par_1_6' title="bbox 310 1645 2344 1758">
     <span class='ocr_line' id='line_1_9' title="bbox 310 1645 2344 1758; baseline 0.005 -23"><span class='ocrx_word' id='word_1_55' title='bbox 310 1645 354 1735; x_wconf 84' lang='lat' dir='ltr'><strong>S.</strong></span> <span class='ocrx_word' id='word_1_56' title='bbox 381 1659 426 1735; x_wconf 88' lang='lat' dir='ltr'><strong>D.</strong></span> <span class='ocrx_word' id='word_1_57' title='bbox 486 1659 611 1749; x_wconf 85' lang='lat' dir='ltr'><strong>Legati</strong></span> <span class='ocrx_word' id='word_1_58' title='bbox 633 1657 905 1728; x_wconf 89' lang='lat' dir='ltr'><strong>Brunsvicensis</strong></span> <span class='ocrx_word' id='word_1_59' title='bbox 929 1656 1081 1728; x_wconf 88' lang='lat' dir='ltr'><strong>Senatus</strong></span> <span class='ocrx_word' id='word_1_60' title='bbox 1107 1655 1213 1724; x_wconf 90' lang='lat' dir='ltr'><strong>nobis</strong></span> <span class='ocrx_word' id='word_1_61' title='bbox 1244 1677 1303 1722; x_wconf 85' lang='lat' dir='ltr'><strong>ex·</strong></span> <span class='ocrx_word' id='word_1_62' title='bbox 1419 1675 1504 1747; x_wconf 74' lang='lat' dir='ltr'><strong>epist.</strong></span> <span class='ocrx_word' id='word_1_63' title='bbox 1524 1679 1557 1732; x_wconf 85' lang='lat' dir='ltr'><strong>ad</strong></span> <span class='ocrx_word' id='word_1_64' title='bbox 1573 1678 1714 1735; x_wconf 78' lang='lat' dir='ltr'><strong>camerar.</strong></span> <span class='ocrx_word' id='word_1_65' title='bbox 1730 1699 1758 1748; x_wconf 83' lang='lat' dir='ltr'><strong>p.</strong></span> <span class='ocrx_word' id='word_1_66' title='bbox 1774 1669 1825 1735; x_wconf 69' lang='lat'><strong>528</strong></span> <span class='ocrx_word' id='word_1_67' title='bbox 1844 1702 1886 1755; x_wconf 73' lang='lat' dir='ltr'><strong>sq.</strong></span> <span class='ocrx_word' id='word_1_68' title='bbox 1906 1683 2344 1758; x_wconf 68' lang='lat' dir='ltr'><strong>(entend.tth.1v.ep.6tt.).</strong></span> 
     </span>
    </p>
   </div>
   <div class='ocr_carea' id='block_1_7' title="bbox 310 1755 1301 1859">
    <p class='ocr_par' dir='ltr' id='par_1_7' title="bbox 310 1755 1301 1859">
     <span class='ocr_line' id='line_1_10' title="bbox 310 1755 1301 1859; baseline -0.013 -24"><span class='ocrx_word' id='word_1_69' title='bbox 310 1775 501 1859; x_wconf 82' lang='lat' dir='ltr'>posuerant</span> <span class='ocrx_word' id='word_1_70' title='bbox 523 1763 624 1830; x_wconf 88' lang='lat' dir='ltr'><strong>aulae</strong></span> <span class='ocrx_word' id='word_1_71' title='bbox 652 1783 871 1851; x_wconf 89' lang='lat' dir='ltr'><strong>responsum.</strong></span> <span class='ocrx_word' id='word_1_72' title='bbox 927 1755 976 1828; x_wconf 87' lang='lat' dir='ltr'><strong>Et</strong></span> <span class='ocrx_word' id='word_1_73' title='bbox 999 1783 1079 1828; x_wconf 92' lang='lat' dir='ltr'><strong>cum</strong></span> <span class='ocrx_word' id='word_1_74' title='bbox 1102 1758 1197 1848; x_wconf 89' lang='lat' dir='ltr'><strong>ipsos</strong></span> <span class='ocrx_word' id='word_1_75' title='bbox 1222 1779 1301 1824; x_wconf 95' lang='lat' dir='ltr'><strong>cum</strong></span> 
     </span>
    </p>
   </div>
   <div class='ocr_carea' id='block_1_8' title="bbox 310 1821 2346 2054">
    <p class='ocr_par' dir='ltr' id='par_1_8' title="bbox 310 1821 2346 2054">
     <span class='ocr_line' id='line_1_11' title="bbox 310 1821 2346 1960; baseline -0.004 -22"><span class='ocrx_word' id='word_1_76' title='bbox 310 1870 431 1960; x_wconf 91' lang='lat' dir='ltr'><strong>aliquo</strong></span> <span class='ocrx_word' id='word_1_77' title='bbox 456 1865 579 1932; x_wconf 91' lang='lat' dir='ltr'><strong>dolore</strong></span> <span class='ocrx_word' id='word_1_78' title='bbox 601 1858 688 1932; x_wconf 88' lang='lat' dir='ltr'><strong>haec</strong></span> <span class='ocrx_word' id='word_1_79' title='bbox 712 1864 849 1931; x_wconf 83' lang='lat' dir='ltr'><strong>adferre</strong></span> <span class='ocrx_word' id='word_1_80' title='bbox 866 1884 1033 1952; x_wconf 89' lang='lat' dir='ltr'><strong>responsa</strong></span> <span class='ocrx_word' id='word_1_81' title='bbox 1049 1858 1303 1928; x_wconf 82' lang='lat' dir='ltr'><strong>animadverti·</strong></span> <span class='ocrx_word' id='word_1_82' title='bbox 1351 1821 1575 1945; x_wconf 56' lang='lat' dir='ltr'><em>CIWSSW</em></span> <span class='ocrx_word' id='word_1_83' title='bbox 1602 1829 1657 1898; x_wconf 45' lang='lat'><strong>‘&#39;¹&#39;&#39;</strong></span> <span class='ocrx_word' id='word_1_84' title='bbox 1659 1854 1679 1897; x_wconf 91' lang='lat'><em>⁰</em></span> <span class='ocrx_word' id='word_1_85' title='bbox 1704 1829 1906 1903; x_wconf 56' lang='lat' dir='ltr'><strong>emd‘l‘bm</strong></span> <span class='ocrx_word' id='word_1_86' title='bbox 1930 1845 1961 1905; x_wconf 50' lang='grc' dir='ltr'><strong>εἰ</strong></span> <span class='ocrx_word' id='word_1_87' title='bbox 1989 1834 2118 1905; x_wconf 54' lang='lat' dir='ltr'><strong>villule</strong></span> <span class='ocrx_word' id='word_1_88' title='bbox 2135 1842 2346 1933; x_wconf 57' lang='lat' dir='ltr'><em>Pramum</em></span> 
     </span>
     <span class='ocr_line' id='line_1_12' title="bbox 310 1925 2318 2054; baseline -0.015 -14"><span class='ocrx_word' id='word_1_89' title='bbox 310 1993 409 2054; x_wconf 90' lang='lat' dir='ltr'><strong>mus,</strong></span> <span class='ocrx_word' id='word_1_90' title='bbox 426 1981 502 2037; x_wconf 92' lang='lat' dir='ltr'><strong>tum</strong></span> <span class='ocrx_word' id='word_1_91' title='bbox 520 1989 604 2033; x_wconf 80' lang='lat' dir='ltr'><strong>vero</strong></span> <span class='ocrx_word' id='word_1_92' title='bbox 618 1979 652 2034; x_wconf 92' lang='lat' dir='ltr'><strong>et</strong></span> <span class='ocrx_word' id='word_1_93' title='bbox 666 1987 731 2032; x_wconf 91' lang='lat' dir='ltr'><strong>nos</strong></span> <span class='ocrx_word' id='word_1_94' title='bbox 747 1965 947 2047; x_wconf 85' lang='lat' dir='ltr'><strong>doluimus,</strong></span> <span class='ocrx_word' id='word_1_95' title='bbox 970 1977 1004 2032; x_wconf 90' lang='lat' dir='ltr'><strong>te</strong></span> <span class='ocrx_word' id='word_1_96' title='bbox 1020 1963 1137 2053; x_wconf 92' lang='lat' dir='ltr'><strong>potius</strong></span> <span class='ocrx_word' id='word_1_97' title='bbox 1153 1961 1302 2029; x_wconf 89' lang='lat' dir='ltr'><strong>inillam</strong></span> <span class='ocrx_word' id='word_1_98' title='bbox 1376 1925 1592 1999; x_wconf 69' lang='lat' dir='ltr'><strong><em>1⁰⁰⁶th</em></strong></span> <span class='ocrx_word' id='word_1_99' title='bbox 1605 1956 1626 1998; x_wconf 87' lang='lat'><em>⁰</em></span> <span class='ocrx_word' id='word_1_100' title='bbox 1651 1925 1772 2002; x_wconf 64' lang='lat' dir='ltr'><strong><em>Cam·</em></strong></span> <span class='ocrx_word' id='word_1_101' title='bbox 1798 1930 1935 2012; x_wconf 66' lang='lat' dir='ltr'><strong>Bamb·</strong></span> <span class='ocrx_word' id='word_1_102' title='bbox 1963 1936 2081 2007; x_wconf 67' lang='lat' dir='ltr'><strong>amico</strong></span> <span class='ocrx_word' id='word_1_103' title='bbox 2100 1962 2168 2009; x_wconf 78' lang='lat' dir='ltr'><strong>suo</strong></span> <span class='ocrx_word' id='word_1_104' title='bbox 2191 1942 2318 2011; x_wconf 79' lang='lat' dir='ltr'><strong>cariss.</strong></span> 
     </span>
    </p>
   </div>
   <div class='ocr_carea' id='block_1_9' title="bbox 310 2040 2348 3579">
    <p class='ocr_par' dir='ltr' id='par_1_9' title="bbox 310 2040 2348 3488">
     <span class='ocr_line' id='line_1_13' title="bbox 311 2040 2343 2158; baseline 0.002 -16"><span class='ocrx_word' id='word_1_105' title='bbox 311 2069 540 2142; x_wconf 83' lang='lat' dir='ltr'><strong>solitudinem</strong></span> <span class='ocrx_word' id='word_1_106' title='bbox 555 2068 703 2151; x_wconf 90' lang='lat' dir='ltr'><strong>abduci,</strong></span> <span class='ocrx_word' id='word_1_107' title='bbox 726 2091 831 2158; x_wconf 90' lang='lat' dir='ltr'><strong>qnam</strong></span> <span class='ocrx_word' id='word_1_108' title='bbox 846 2067 884 2133; x_wconf 93' lang='lat' dir='ltr'><strong>in</strong></span> <span class='ocrx_word' id='word_1_109' title='bbox 900 2065 1141 2157; x_wconf 79' lang='lat' dir='ltr'><strong>frequentiore</strong></span> <span class='ocrx_word' id='word_1_110' title='bbox 1159 2062 1301 2131; x_wconf 89' lang='lat' dir='ltr'><strong>eeclesia</strong></span> <span class='ocrx_word' id='word_1_111' title='bbox 1350 2040 1394 2129; x_wconf 82' lang='lat' dir='ltr'><strong>S.</strong></span> <span class='ocrx_word' id='word_1_112' title='bbox 1422 2060 1465 2135; x_wconf 89' lang='lat' dir='ltr'><strong>D.</strong></span> <span class='ocrx_word' id='word_1_113' title='bbox 1520 2057 1652 2130; x_wconf 81' lang='lat' dir='ltr'><strong>Lascii</strong></span> <span class='ocrx_word' id='word_1_114' title='bbox 1665 2065 1849 2135; x_wconf 90' lang='lat' dir='ltr'><strong>tabellario</strong></span> <span class='ocrx_word' id='word_1_115' title='bbox 1865 2067 2071 2140; x_wconf 88' lang='lat' dir='ltr'><strong>Prutenicas</strong></span> <span class='ocrx_word' id='word_1_116' title='bbox 2088 2075 2195 2142; x_wconf 89' lang='lat' dir='ltr'><strong>etiam</strong></span> <span class='ocrx_word' id='word_1_117' title='bbox 2210 2077 2343 2147; x_wconf 85' lang='lat' dir='ltr'><strong>litteras</strong></span> 
     </span>
     <span class='ocr_line' id='line_1_14' title="bbox 310 2163 2343 2268; baseline 0.003 -26"><span class='ocrx_word' id='word_1_118' title='bbox 310 2171 455 2243; x_wconf 87' lang='lat' dir='ltr'><strong>versari.</strong></span> <span class='ocrx_word' id='word_1_119' title='bbox 500 2168 569 2239; x_wconf 88' lang='lat' dir='ltr'><strong>Sed</strong></span> <span class='ocrx_word' id='word_1_120' title='bbox 585 2168 669 2238; x_wconf 74' lang='lat' dir='ltr'><strong>aridi</strong></span> <span class='ocrx_word' id='word_1_121' title='bbox 685 2181 857 2260; x_wconf 88' lang='lat' dir='ltr'><strong>quantum</strong></span> <span class='ocrx_word' id='word_1_122' title='bbox 874 2167 1032 2237; x_wconf 91' lang='lat' dir='ltr'><strong>studium</strong></span> <span class='ocrx_word' id='word_1_123' title='bbox 1047 2189 1126 2254; x_wconf 85' lang='lat' dir='ltr'><strong>erga</strong></span> <span class='ocrx_word' id='word_1_124' title='bbox 1143 2180 1177 2235; x_wconf 88' lang='lat' dir='ltr'><strong>te</strong></span> <span class='ocrx_word' id='word_1_125' title='bbox 1191 2165 1237 2232; x_wconf 93' lang='lat' dir='ltr'><strong>sit</strong></span> <span class='ocrx_word' id='word_1_126' title='bbox 1252 2163 1303 2232; x_wconf 92' lang='lat' dir='ltr'><strong>ci·</strong></span> <span class='ocrx_word' id='word_1_127' title='bbox 1352 2165 1453 2248; x_wconf 90' lang='lat' dir='ltr'><strong>dedi,</strong></span> <span class='ocrx_word' id='word_1_128' title='bbox 1476 2189 1563 2255; x_wconf 86' lang='lat' dir='ltr'><strong>quas</strong></span> <span class='ocrx_word' id='word_1_129' title='bbox 1584 2189 1630 2232; x_wconf 95' lang='lat' dir='ltr'><strong>an</strong></span> <span class='ocrx_word' id='word_1_130' title='bbox 1652 2167 1825 2256; x_wconf 89' lang='lat' dir='ltr'><strong>acceperis</strong></span> <span class='ocrx_word' id='word_1_131' title='bbox 1842 2170 1930 2237; x_wconf 90' lang='lat' dir='ltr'><strong>scire</strong></span> <span class='ocrx_word' id='word_1_132' title='bbox 1946 2173 2061 2263; x_wconf 92' lang='lat' dir='ltr'><strong>cupio.</strong></span> <span class='ocrx_word' id='word_1_133' title='bbox 2113 2172 2202 2244; x_wconf 93' lang='lat' dir='ltr'><strong>Nam</strong></span> <span class='ocrx_word' id='word_1_134' title='bbox 2227 2179 2343 2268; x_wconf 92' lang='lat' dir='ltr'><strong>ipsum</strong></span> 
     </span>
     <span class='ocr_line' id='line_1_15' title="bbox 311 2264 2345 2367; baseline 0.003 -25"><span class='ocrx_word' id='word_1_135' title='bbox 311 2273 430 2344; x_wconf 86' lang='lat' dir='ltr'><strong>vitatis</strong></span> <span class='ocrx_word' id='word_1_136' title='bbox 448 2271 561 2343; x_wconf 91' lang='lat' dir='ltr'><strong>istius.</strong></span> <span class='ocrx_word' id='word_1_137' title='bbox 613 2269 735 2358; x_wconf 86' lang='lat' dir='ltr'><strong>Legati</strong></span> <span class='ocrx_word' id='word_1_138' title='bbox 749 2270 935 2352; x_wconf 83' lang='lat' dir='ltr'><strong>dixerunt,</strong></span> <span class='ocrx_word' id='word_1_139' title='bbox 959 2291 995 2335; x_wconf 91' lang='lat' dir='ltr'><strong>sc</strong></span> <span class='ocrx_word' id='word_1_140' title='bbox 1019 2282 1093 2338; x_wconf 90' lang='lat' dir='ltr'><strong>toto</strong></span> <span class='ocrx_word' id='word_1_141' title='bbox 1115 2291 1209 2336; x_wconf 88' lang='lat' dir='ltr'><strong>anno</strong></span> <span class='ocrx_word' id='word_1_142' title='bbox 1229 2290 1303 2333; x_wconf 89' lang='lat' dir='ltr'><strong>ser·</strong></span> <span class='ocrx_word' id='word_1_143' title='bbox 1352 2266 1441 2332; x_wconf 90' lang='lat' dir='ltr'><strong>istuc</strong></span> <span class='ocrx_word' id='word_1_144' title='bbox 1462 2264 1693 2335; x_wconf 85' lang='lat' dir='ltr'><strong>Protenicum</strong></span> <span class='ocrx_word' id='word_1_145' title='bbox 1722 2270 1895 2339; x_wconf 91' lang='lat' dir='ltr'><strong>nuncium</strong></span> <span class='ocrx_word' id='word_1_146' title='bbox 1927 2273 2047 2358; x_wconf 89' lang='lat' dir='ltr'><strong>mitto,</strong></span> <span class='ocrx_word' id='word_1_147' title='bbox 2082 2277 2144 2367; x_wconf 93' lang='lat' dir='ltr'><strong>qni</strong></span> <span class='ocrx_word' id='word_1_148' title='bbox 2174 2278 2275 2347; x_wconf 87' lang='lat' dir='ltr'><strong>allert</strong></span> <span class='ocrx_word' id='word_1_149' title='bbox 2301 2283 2345 2348; x_wconf 84' lang='lat' dir='ltr'><strong>de</strong></span> 
     </span>
     <span class='ocr_line' id='line_1_16' title="bbox 311 2363 2343 2466; baseline 0.002 -22"><span class='ocrx_word' id='word_1_150' title='bbox 311 2388 455 2444; x_wconf 85' lang='lat' dir='ltr'><strong>vaturos</strong></span> <span class='ocrx_word' id='word_1_151' title='bbox 472 2373 537 2443; x_wconf 94' lang='lat' dir='ltr'><strong>tibi</strong></span> <span class='ocrx_word' id='word_1_152' title='bbox 552 2395 624 2440; x_wconf 89' lang='lat' dir='ltr'><strong>esse</strong></span> <span class='ocrx_word' id='word_1_153' title='bbox 642 2367 737 2440; x_wconf 92' lang='lat' dir='ltr'><strong>hunc</strong></span> <span class='ocrx_word' id='word_1_154' title='bbox 757 2373 872 2440; x_wconf 87' lang='lat' dir='ltr'><strong>locum</strong></span> <span class='ocrx_word' id='word_1_155' title='bbox 892 2372 1080 2459; x_wconf 84' lang='lat' dir='ltr'><strong>integrum.</strong></span> <span class='ocrx_word' id='word_1_156' title='bbox 1130 2367 1303 2436; x_wconf 84' lang='lat' dir='ltr'><strong>Fortassis</strong></span> <span class='ocrx_word' id='word_1_157' title='bbox 1352 2363 1551 2436; x_wconf 87' lang='lat' dir='ltr'><strong>scholarum</strong></span> <span class='ocrx_word' id='word_1_158' title='bbox 1583 2370 1794 2439; x_wconf 72' lang='lat' dir='ltr'><strong>testimoniis</strong></span> <span class='ocrx_word' id='word_1_159' title='bbox 1821 2396 1935 2441; x_wconf 92' lang='lat' dir='ltr'><strong>meam</strong></span> <span class='ocrx_word' id='word_1_160' title='bbox 1967 2378 2231 2466; x_wconf 88' lang='lat' dir='ltr'><strong>responsionem</strong></span> <span class='ocrx_word' id='word_1_161' title='bbox 2262 2383 2343 2448; x_wconf 87' lang='lat' dir='ltr'><strong>bre-</strong></span> 
     </span>
     <span class='ocr_line' id='line_1_17' title="bbox 312 2463 2343 2567; baseline 0.001 -19"><span class='ocrx_word' id='word_1_162' title='bbox 312 2493 450 2567; x_wconf 89' lang='lat' dir='ltr'><strong>tempus</strong></span> <span class='ocrx_word' id='word_1_163' title='bbox 474 2475 537 2545; x_wconf 91' lang='lat' dir='ltr'><strong>tibi</strong></span> <span class='ocrx_word' id='word_1_164' title='bbox 562 2475 748 2556; x_wconf 85' lang='lat' dir='ltr'><strong>concedet,</strong></span> <span class='ocrx_word' id='word_1_165' title='bbox 774 2487 815 2541; x_wconf 93' lang='lat' dir='ltr'><strong>ut</strong></span> <span class='ocrx_word' id='word_1_166' title='bbox 837 2473 880 2540; x_wconf 90' lang='lat' dir='ltr'><strong>ad</strong></span> <span class='ocrx_word' id='word_1_167' title='bbox 904 2496 963 2540; x_wconf 91' lang='lat' dir='ltr'><strong>eos</strong></span> <span class='ocrx_word' id='word_1_168' title='bbox 990 2470 1208 2558; x_wconf 74' lang='lat' dir='ltr'><strong>commigdes.</strong></span> <span class='ocrx_word' id='word_1_169' title='bbox 1261 2466 1301 2535; x_wconf 94' lang='lat' dir='ltr'><strong>ln</strong></span> <span class='ocrx_word' id='word_1_170' title='bbox 1352 2493 1431 2536; x_wconf 86' lang='lat' dir='ltr'><strong>vem</strong></span> <span class='ocrx_word' id='word_1_171' title='bbox 1454 2463 1669 2560; x_wconf 71' lang='lat' dir='ltr'><strong>quidem*),</strong></span> <span class='ocrx_word' id='word_1_172' title='bbox 1702 2474 1763 2539; x_wconf 92' lang='lat' dir='ltr'><strong>sed</strong></span> <span class='ocrx_word' id='word_1_173' title='bbox 1792 2476 2082 2565; x_wconf 85' lang='lat' dir='ltr'><strong>occupationibus</strong></span> <span class='ocrx_word' id='word_1_174' title='bbox 2109 2481 2197 2547; x_wconf 90' lang='lat' dir='ltr'><strong>meis</strong></span> <span class='ocrx_word' id='word_1_175' title='bbox 2225 2484 2343 2550; x_wconf 92' lang='lat' dir='ltr'><strong>danda</strong></span> 
     </span>
     <span class='ocr_line' id='line_1_18' title="bbox 312 2569 2344 2670; baseline 0.002 -23"><span class='ocrx_word' id='word_1_176' title='bbox 312 2569 505 2661; x_wconf 68' lang='lat' dir='ltr'><strong>Matella,</strong></span> <span class='ocrx_word' id='word_1_177' title='bbox 531 2576 737 2667; x_wconf 87' lang='lat' dir='ltr'><strong>praesertim</strong></span> <span class='ocrx_word' id='word_1_178' title='bbox 755 2575 830 2642; x_wconf 91' lang='lat' dir='ltr'><strong>sine</strong></span> <span class='ocrx_word' id='word_1_179' title='bbox 847 2573 1046 2642; x_wconf 91' lang='lat' dir='ltr'><strong>studiorum</strong></span> <span class='ocrx_word' id='word_1_180' title='bbox 1066 2571 1190 2654; x_wconf 89' lang='lat' dir='ltr'><strong>sociis,</strong></span> <span class='ocrx_word' id='word_1_181' title='bbox 1216 2593 1304 2662; x_wconf 89' lang='lat' dir='ltr'><strong>qua·</strong></span> <span class='ocrx_word' id='word_1_182' title='bbox 1353 2584 1404 2641; x_wconf 88' lang='lat' dir='ltr'><strong>est</strong></span> <span class='ocrx_word' id='word_1_183' title='bbox 1418 2571 1531 2642; x_wconf 86' lang='lat' dir='ltr'><strong>venia.</strong></span> <span class='ocrx_word' id='word_1_184' title='bbox 1559 2585 1593 2641; x_wconf 87' lang='lat' dir='ltr'><strong>et</strong></span> <span class='ocrx_word' id='word_1_185' title='bbox 1610 2573 1812 2642; x_wconf 78' lang='lat' dir='ltr'><strong>videremur</strong></span> <span class='ocrx_word' id='word_1_186' title='bbox 1829 2570 1886 2644; x_wconf 79' lang='grc' dir='ltr'><strong>ἐπὶ</strong></span> <span class='ocrx_word' id='word_1_187' title='bbox 1903 2582 2006 2670; x_wconf 76' lang='grc' dir='ltr'><em>φακῇ</em></span> <span class='ocrx_word' id='word_1_188' title='bbox 2023 2579 2155 2669; x_wconf 78' lang='grc' dir='ltr'>μῦθον</span> <span class='ocrx_word' id='word_1_189' title='bbox 2180 2582 2344 2652; x_wconf 88' lang='lat' dir='ltr'><strong>institue-</strong></span> 
     </span>
     <span class='ocr_line' id='line_1_19' title="bbox 312 2667 2345 2768; baseline 0.002 -20"><span class='ocrx_word' id='word_1_190' title='bbox 312 2681 357 2748; x_wconf 88' lang='lat' dir='ltr'><strong>lis</strong></span> <span class='ocrx_word' id='word_1_191' title='bbox 388 2679 459 2748; x_wconf 89' lang='lat' dir='ltr'><strong>vita</strong></span> <span class='ocrx_word' id='word_1_192' title='bbox 491 2678 537 2748; x_wconf 92' lang='lat' dir='ltr'><strong>sit</strong></span> <span class='ocrx_word' id='word_1_193' title='bbox 571 2680 709 2760; x_wconf 88' lang='lat' dir='ltr'><strong>futura,</strong></span> <span class='ocrx_word' id='word_1_194' title='bbox 751 2676 951 2766; x_wconf 90' lang='lat' dir='ltr'><strong>prospicere</strong></span> <span class='ocrx_word' id='word_1_195' title='bbox 981 2687 1013 2743; x_wconf 92' lang='lat' dir='ltr'><strong>te</strong></span> <span class='ocrx_word' id='word_1_196' title='bbox 1042 2674 1112 2740; x_wconf 91' lang='lat' dir='ltr'><strong>iam</strong></span> <span class='ocrx_word' id='word_1_197' title='bbox 1138 2671 1304 2742; x_wconf 88' lang='lat' dir='ltr'><strong>arbitror.</strong></span> <span class='ocrx_word' id='word_1_198' title='bbox 1353 2695 1409 2753; x_wconf 90' lang='lat' dir='ltr'><strong>re,</strong></span> <span class='ocrx_word' id='word_1_199' title='bbox 1444 2671 1473 2737; x_wconf 94' lang='lat' dir='ltr'><strong>si</strong></span> <span class='ocrx_word' id='word_1_200' title='bbox 1502 2673 1538 2738; x_wconf 92' lang='lat' dir='ltr'><strong>in</strong></span> <span class='ocrx_word' id='word_1_201' title='bbox 1563 2667 1629 2741; x_wconf 91' lang='lat' dir='ltr'><strong>hoc</strong></span> <span class='ocrx_word' id='word_1_202' title='bbox 1652 2688 1859 2763; x_wconf 84' lang='lat' dir='ltr'><strong>argumento</strong></span> <span class='ocrx_word' id='word_1_203' title='bbox 1886 2678 2063 2768; x_wconf 85' lang='lat' dir='ltr'><strong>longiores</strong></span> <span class='ocrx_word' id='word_1_204' title='bbox 2085 2705 2248 2755; x_wconf 87' lang='lat' dir='ltr'><strong>essemus.</strong></span> <span class='ocrx_word' id='word_1_205' title='bbox 2305 2686 2345 2753; x_wconf 82' lang='lat' dir='ltr'><strong>si</strong></span> 
     </span>
     <span class='ocr_line' id='line_1_20' title="bbox 312 2771 2345 2868; baseline 0.001 -16"><span class='ocrx_word' id='word_1_206' title='bbox 312 2779 383 2852; x_wconf 88' lang='lat' dir='ltr'><strong>Sed</strong></span> <span class='ocrx_word' id='word_1_207' title='bbox 413 2795 530 2851; x_wconf 86' lang='lat' dir='ltr'><strong>tamen</strong></span> <span class='ocrx_word' id='word_1_208' title='bbox 561 2778 803 2847; x_wconf 86' lang='lat' dir='ltr'><strong>misericordia</strong></span> <span class='ocrx_word' id='word_1_209' title='bbox 824 2771 1044 2868; x_wconf 84' lang='lat' dir='ltr'><strong>Dominae¹)</strong></span> <span class='ocrx_word' id='word_1_210' title='bbox 1067 2796 1232 2857; x_wconf 90' lang='lat' dir='ltr'><strong>moveor,</strong></span> <span class='ocrx_word' id='word_1_211' title='bbox 1265 2785 1305 2842; x_wconf 89' lang='lat' dir='ltr'><strong>ut</strong></span> <span class='ocrx_word' id='word_1_212' title='bbox 1354 2774 1467 2862; x_wconf 88' lang='lat' dir='ltr'><strong>placet</strong></span> <span class='ocrx_word' id='word_1_213' title='bbox 1491 2775 1695 2864; x_wconf 84' lang='lat' dir='ltr'><strong>responsio,</strong></span> <span class='ocrx_word' id='word_1_214' title='bbox 1729 2778 1963 2863; x_wconf 90' lang='lat' dir='ltr'><strong>subscribito‚</strong></span> <span class='ocrx_word' id='word_1_215' title='bbox 1998 2794 2060 2851; x_wconf 89' lang='lat' dir='ltr'><strong>aut</strong></span> <span class='ocrx_word' id='word_1_216' title='bbox 2082 2794 2177 2852; x_wconf 88' lang='lat' dir='ltr'><strong>tuam</strong></span> <span class='ocrx_word' id='word_1_217' title='bbox 2202 2799 2345 2854; x_wconf 92' lang='lat' dir='ltr'><strong>senten-</strong></span> 
     </span>
     <span class='ocr_line' id='line_1_21' title="bbox 310 2873 2346 2972; baseline 0.002 -21"><span class='ocrx_word' id='word_1_218' title='bbox 310 2883 430 2952; x_wconf 88' lang='lat' dir='ltr'><strong>minus</strong></span> <span class='ocrx_word' id='word_1_219' title='bbox 445 2876 702 2972; x_wconf 85' lang='lat' dir='ltr'><strong>reprehendam</strong></span> <span class='ocrx_word' id='word_1_220' title='bbox 726 2879 914 2949; x_wconf 91' lang='lat' dir='ltr'><strong>consilium</strong></span> <span class='ocrx_word' id='word_1_221' title='bbox 931 2878 988 2945; x_wconf 89' lang='lat' dir='ltr'><strong>vel</strong></span> <span class='ocrx_word' id='word_1_222' title='bbox 1002 2892 1120 2959; x_wconf 90' lang='lat' dir='ltr'><strong>tuum,</strong></span> <span class='ocrx_word' id='word_1_223' title='bbox 1144 2875 1202 2943; x_wconf 83' lang='lat' dir='ltr'><strong>vel</strong></span> <span class='ocrx_word' id='word_1_224' title='bbox 1223 2873 1305 2941; x_wconf 91' lang='lat' dir='ltr'><strong>illo·</strong></span> <span class='ocrx_word' id='word_1_225' title='bbox 1354 2874 1460 2956; x_wconf 91' lang='lat' dir='ltr'><strong>tiam,</strong></span> <span class='ocrx_word' id='word_1_226' title='bbox 1487 2900 1593 2966; x_wconf 88' lang='lat' dir='ltr'><strong>quam</strong></span> <span class='ocrx_word' id='word_1_227' title='bbox 1609 2876 1725 2958; x_wconf 77' lang='lat' dir='ltr'><strong>voles,</strong></span> <span class='ocrx_word' id='word_1_228' title='bbox 1751 2879 1886 2966; x_wconf 85' lang='lat' dir='ltr'><strong>prolixe</strong></span> <span class='ocrx_word' id='word_1_229' title='bbox 1901 2881 2083 2968; x_wconf 83' lang='lat' dir='ltr'><strong>explicato.</strong></span> <span class='ocrx_word' id='word_1_230' title='bbox 2135 2881 2234 2953; x_wconf 88' lang='lat' dir='ltr'><strong>Nihil</strong></span> <span class='ocrx_word' id='word_1_231' title='bbox 2252 2890 2346 2955; x_wconf 78' lang='lat' dir='ltr'><strong>errim</strong></span> 
     </span>
     <span class='ocr_line' id='line_1_22' title="bbox 311 2974 2346 3078; baseline 0 -24"><span class='ocrx_word' id='word_1_232' title='bbox 311 3009 412 3068; x_wconf 88' lang='lat' dir='ltr'><strong>rum,</strong></span> <span class='ocrx_word' id='word_1_233' title='bbox 442 2986 504 3077; x_wconf 93' lang='lat' dir='ltr'><strong>qui</strong></span> <span class='ocrx_word' id='word_1_234' title='bbox 530 2998 561 3052; x_wconf 87' lang='lat' dir='ltr'><strong>te</strong></span> <span class='ocrx_word' id='word_1_235' title='bbox 591 2980 785 3051; x_wconf 90' lang='lat' dir='ltr'><strong>Dominam</strong></span> <span class='ocrx_word' id='word_1_236' title='bbox 816 2980 919 3073; x_wconf 87' lang='lat' dir='ltr'><strong>sequi</strong></span> <span class='ocrx_word' id='word_1_237' title='bbox 949 2980 1151 3048; x_wconf 88' lang='lat' dir='ltr'><strong>voluerunt.</strong></span> <span class='ocrx_word' id='word_1_238' title='bbox 1208 2974 1306 3045; x_wconf 90' lang='lat' dir='ltr'><strong>Deus</strong></span> <span class='ocrx_word' id='word_1_239' title='bbox 1355 2975 1418 3045; x_wconf 91' lang='lat' dir='ltr'><strong>tibi</strong></span> <span class='ocrx_word' id='word_1_240' title='bbox 1440 2977 1650 3064; x_wconf 88' lang='lat' dir='ltr'><strong>praescribo.</strong></span> <span class='ocrx_word' id='word_1_241' title='bbox 1691 2976 1731 3046; x_wconf 89' lang='lat' dir='ltr'><strong>si</strong></span> <span class='ocrx_word' id='word_1_242' title='bbox 1747 2978 1861 3067; x_wconf 89' lang='lat' dir='ltr'><strong>placet</strong></span> <span class='ocrx_word' id='word_1_243' title='bbox 1879 2979 2346 3078; x_wconf 86' lang='lat' dir='ltr'><strong>etiamSeaevolasetPapi-</strong></span> 
     </span>
     <span class='ocr_line' id='line_1_23' title="bbox 311 3073 2346 3175; baseline 0 -19"><span class='ocrx_word' id='word_1_244' title='bbox 311 3098 476 3157; x_wconf 88' lang='lat' dir='ltr'><strong>aeternus</strong></span> <span class='ocrx_word' id='word_1_245' title='bbox 492 3099 592 3175; x_wconf 84' lang='lat' dir='ltr'><strong>pater</strong></span> <span class='ocrx_word' id='word_1_246' title='bbox 604 3082 752 3152; x_wconf 90' lang='lat' dir='ltr'><strong>Domini</strong></span> <span class='ocrx_word' id='word_1_247' title='bbox 767 3084 883 3151; x_wconf 82' lang='lat' dir='ltr'><strong>nostri</strong></span> <span class='ocrx_word' id='word_1_248' title='bbox 900 3079 977 3152; x_wconf 92' lang='lat' dir='ltr'><strong>lesu</strong></span> <span class='ocrx_word' id='word_1_249' title='bbox 985 3076 1138 3163; x_wconf 88' lang='lat' dir='ltr'><strong>Christi,</strong></span> <span class='ocrx_word' id='word_1_250' title='bbox 1163 3078 1225 3171; x_wconf 90' lang='lat' dir='ltr'><strong>qni</strong></span> <span class='ocrx_word' id='word_1_251' title='bbox 1243 3079 1307 3145; x_wconf 87' lang='lat' dir='ltr'><strong>ad-</strong></span> <span class='ocrx_word' id='word_1_252' title='bbox 1354 3073 1666 3151; x_wconf 85' lang='lat' dir='ltr'><strong>nianosadhibeto.</strong></span> <span class='ocrx_word' id='word_1_253' title='bbox 1692 3073 1848 3169; x_wconf 84' lang='lat' dir='ltr'><strong>Expecto</strong></span> <span class='ocrx_word' id='word_1_254' title='bbox 1865 3094 1928 3150; x_wconf 91' lang='lat' dir='ltr'><strong>ate</strong></span> <span class='ocrx_word' id='word_1_255' title='bbox 1943 3080 2125 3170; x_wconf 89' lang='lat' dir='ltr'><strong>epistolam</strong></span> <span class='ocrx_word' id='word_1_256' title='bbox 2143 3085 2346 3173; x_wconf 84' lang='lat' dir='ltr'><strong>longiuscu-</strong></span> 
     </span>
     <span class='ocr_line' id='line_1_24' title="bbox 311 3180 2346 3279; baseline 0 -23"><span class='ocrx_word' id='word_1_257' title='bbox 311 3188 430 3256; x_wconf 84' lang='lat' dir='ltr'><strong>firmat</strong></span> <span class='ocrx_word' id='word_1_258' title='bbox 451 3209 488 3255; x_wconf 90' lang='lat' dir='ltr'><strong>se</strong></span> <span class='ocrx_word' id='word_1_259' title='bbox 512 3209 585 3254; x_wconf 90' lang='lat' dir='ltr'><strong>esse</strong></span> <span class='ocrx_word' id='word_1_260' title='bbox 608 3182 724 3252; x_wconf 89' lang='lat' dir='ltr'><strong>Deum</strong></span> <span class='ocrx_word' id='word_1_261' title='bbox 749 3183 984 3253; x_wconf 90' lang='lat' dir='ltr'><strong>contritorum</strong></span> <span class='ocrx_word' id='word_1_262' title='bbox 1007 3196 1041 3250; x_wconf 91' lang='lat' dir='ltr'><strong>et</strong></span> <span class='ocrx_word' id='word_1_263' title='bbox 1064 3206 1144 3249; x_wconf 93' lang='lat' dir='ltr'><strong>cum</strong></span> <span class='ocrx_word' id='word_1_264' title='bbox 1169 3180 1306 3250; x_wconf 90' lang='lat' dir='ltr'><strong>miseris</strong></span> <span class='ocrx_word' id='word_1_265' title='bbox 1355 3181 1444 3264; x_wconf 88' lang='lat' dir='ltr'><strong>lam,</strong></span> <span class='ocrx_word' id='word_1_266' title='bbox 1471 3205 1550 3249; x_wconf 91' lang='lat' dir='ltr'><strong>eum</strong></span> <span class='ocrx_word' id='word_1_267' title='bbox 1566 3203 1628 3268; x_wconf 83' lang='lat' dir='ltr'><strong>ego</strong></span> <span class='ocrx_word' id='word_1_268' title='bbox 1644 3182 1801 3249; x_wconf 83' lang='lat' dir='ltr'><strong>fortassis</strong></span> <span class='ocrx_word' id='word_1_269' title='bbox 1816 3181 1998 3274; x_wconf 87' lang='lat' dir='ltr'><strong>aliquanto</strong></span> <span class='ocrx_word' id='word_1_270' title='bbox 2020 3185 2222 3274; x_wconf 87' lang='lat' dir='ltr'><strong>occupatior</strong></span> <span class='ocrx_word' id='word_1_271' title='bbox 2240 3213 2346 3279; x_wconf 88' lang='lat' dir='ltr'><strong>quam</strong></span> 
     </span>
     <span class='ocr_line' id='line_1_25' title="bbox 310 3279 2348 3374; baseline 0 -16"><span class='ocrx_word' id='word_1_272' title='bbox 310 3283 490 3374; x_wconf 89' lang='lat' dir='ltr'><strong>habitare,</strong></span> <span class='ocrx_word' id='word_1_273' title='bbox 516 3286 607 3357; x_wconf 88' lang='lat' dir='ltr'><strong>adsit</strong></span> <span class='ocrx_word' id='word_1_274' title='bbox 620 3285 735 3358; x_wconf 91' lang='lat' dir='ltr'><strong>nobis.</strong></span> <span class='ocrx_word' id='word_1_275' title='bbox 786 3279 1106 3354; x_wconf 80' lang='lat' dir='ltr'><strong>Benevole1545·</strong></span> <span class='ocrx_word' id='word_1_276' title='bbox 1356 3296 1412 3362; x_wconf 91' lang='lat' dir='ltr'><strong>tu,</strong></span> <span class='ocrx_word' id='word_1_277' title='bbox 1440 3295 1532 3351; x_wconf 90' lang='lat' dir='ltr'><strong>certe</strong></span> <span class='ocrx_word' id='word_1_278' title='bbox 1553 3282 1767 3351; x_wconf 90' lang='lat' dir='ltr'><strong>imbecillior</strong></span> <span class='ocrx_word' id='word_1_279' title='bbox 1789 3296 1823 3352; x_wconf 89' lang='lat' dir='ltr'><strong>et</strong></span> <span class='ocrx_word' id='word_1_280' title='bbox 1845 3283 1882 3352; x_wconf 92' lang='lat' dir='ltr'><strong>in</strong></span> <span class='ocrx_word' id='word_1_281' title='bbox 1907 3284 2057 3353; x_wconf 86' lang='lat' dir='ltr'><strong>dicendo</strong></span> <span class='ocrx_word' id='word_1_282' title='bbox 2081 3286 2232 3371; x_wconf 88' lang='lat' dir='ltr'><strong>aridior,</strong></span> <span class='ocrx_word' id='word_1_283' title='bbox 2259 3302 2348 3358; x_wconf 92' lang='lat' dir='ltr'><strong>totas</strong></span> 
     </span>
     <span class='ocr_line' id='line_1_26' title="bbox 970 3384 2347 3488; baseline 0.007 -39"><span class='ocrx_word' id='word_1_284' title='bbox 970 3415 1010 3484; x_wconf 45' lang='lat' dir='ltr'><strong>p·</strong></span> <span class='ocrx_word' id='word_1_285' title='bbox 1030 3409 1256 3488; x_wconf 47' lang='lat' dir='ltr'><strong>Melanthon·</strong></span> <span class='ocrx_word' id='word_1_286' title='bbox 1355 3399 1471 3453; x_wconf 89' lang='lat' dir='ltr'><strong>tamen</strong></span> <span class='ocrx_word' id='word_1_287' title='bbox 1503 3384 1668 3474; x_wconf 87' lang='lat' dir='ltr'><strong>impleam</strong></span> <span class='ocrx_word' id='word_1_288' title='bbox 1699 3384 1855 3474; x_wconf 83' lang='lat' dir='ltr'><strong>paginas.</strong></span> <span class='ocrx_word' id='word_1_289' title='bbox 1920 3384 2137 3475; x_wconf 82' lang='lat' dir='ltr'><strong>Norihergae</strong></span> <span class='ocrx_word' id='word_1_290' title='bbox 2174 3395 2347 3480; x_wconf 89' lang='lat' dir='ltr'><strong>expectari</strong></span> 
     </span>
    </p>

    <p class='ocr_par' dir='ltr' id='par_1_10' title="bbox 1354 3483 2348 3579">
     <span class='ocr_line' id='line_1_27' title="bbox 1354 3483 2348 3579; baseline 0.01 -27"><span class='ocrx_word' id='word_1_291' title='bbox 1354 3483 1621 3579; x_wconf 81' lang='lat' dir='ltr'><strong>Hieronymum</strong></span> <span class='ocrx_word' id='word_1_292' title='bbox 1643 3488 1765 3554; x_wconf 90' lang='lat' dir='ltr'><strong>audio:</strong></span> <span class='ocrx_word' id='word_1_293' title='bbox 1793 3485 1894 3574; x_wconf 87' lang='lat' dir='ltr'><strong>Quae</strong></span> <span class='ocrx_word' id='word_1_294' title='bbox 1910 3487 2047 3556; x_wconf 91' lang='lat' dir='ltr'><strong>utinam</strong></span> <span class='ocrx_word' id='word_1_295' title='bbox 2068 3485 2165 3558; x_wconf 88' lang='lat' dir='ltr'><strong>Deus</strong></span> <span class='ocrx_word' id='word_1_296' title='bbox 2187 3507 2348 3562; x_wconf 88' lang='lat' dir='ltr'><strong>aeternus</strong></span> 
     </span>
    </p>
   </div>
   <div class='ocr_carea' id='block_1_10' title="bbox 312 3579 2379 3926">
    <p class='ocr_par' dir='ltr' id='par_1_11' title="bbox 312 3579 2379 3926">
     <span class='ocr_line' id='line_1_28' title="bbox 412 3579 2379 3697; baseline -0.008 -19"><span class='ocrx_word' id='word_1_297' title='bbox 412 3605 549 3677; x_wconf 89' lang='lat' dir='ltr'><strong>Doctor</strong></span> <span class='ocrx_word' id='word_1_298' title='bbox 565 3593 742 3697; x_wconf 81' lang='lat' dir='ltr'><strong>Cruciger</strong></span> <span class='ocrx_word' id='word_1_299' title='bbox 768 3599 948 3694; x_wconf 85' lang='lat' dir='ltr'><strong>prosectus&#39;</strong></span> <span class='ocrx_word' id='word_1_300' title='bbox 967 3614 1017 3670; x_wconf 90' lang='lat' dir='ltr'><strong>est</strong></span> <span class='ocrx_word' id='word_1_301' title='bbox 1041 3601 1083 3667; x_wconf 90' lang='lat' dir='ltr'><strong>ad</strong></span> <span class='ocrx_word' id='word_1_302' title='bbox 1111 3610 1212 3668; x_wconf 92' lang='lat' dir='ltr'><strong>tuum</strong></span> <span class='ocrx_word' id='word_1_303' title='bbox 1231 3599 1305 3689; x_wconf 89' lang='lat' dir='ltr'><strong>epi·</strong></span> <span class='ocrx_word' id='word_1_304' title='bbox 1355 3601 1454 3678; x_wconf 75' lang='lat' dir='ltr'><strong>pater</strong></span> <span class='ocrx_word' id='word_1_305' title='bbox 1468 3586 1613 3656; x_wconf 89' lang='lat' dir='ltr'><strong>Domini</strong></span> <span class='ocrx_word' id='word_1_306' title='bbox 1630 3589 1742 3657; x_wconf 89' lang='lat' dir='ltr'><strong>nostri</strong></span> <span class='ocrx_word' id='word_1_307' title='bbox 1763 3585 1842 3654; x_wconf 90' lang='lat' dir='ltr'><strong>lesu</strong></span> <span class='ocrx_word' id='word_1_308' title='bbox 1858 3583 1990 3657; x_wconf 90' lang='lat' dir='ltr'><strong>Christi</strong></span> <span class='ocrx_word' id='word_1_309' title='bbox 2006 3591 2147 3676; x_wconf 82' lang='lat' dir='ltr'><strong>coniugi</strong></span> <span class='ocrx_word' id='word_1_310' title='bbox 2172 3605 2204 3660; x_wconf 86' lang='lat' dir='ltr'><strong>et</strong></span> <span class='ocrx_word' id='word_1_311' title='bbox 2227 3595 2348 3663; x_wconf 88' lang='lat' dir='ltr'><strong>liberis</strong></span> <span class='ocrx_word' id='word_1_312' title='bbox 2366 3579 2379 3590; x_wconf 52' lang='lat'>⁸</span> 
     </span>
     <span class='ocr_line' id='line_1_29' title="bbox 312 3688 2349 3799; baseline -0.002 -31"><span class='ocrx_word' id='word_1_313' title='bbox 312 3722 530 3799; x_wconf 74' lang='lat' dir='ltr'><strong>scopum,et</strong></span> <span class='ocrx_word' id='word_1_314' title='bbox 547 3707 708 3777; x_wconf 73' lang='lat' dir='ltr'><strong>adiunxit</strong></span> <span class='ocrx_word' id='word_1_315' title='bbox 722 3729 758 3774; x_wconf 77' lang='lat' dir='ltr'><strong>se</strong></span> <span class='ocrx_word' id='word_1_316' title='bbox 774 3706 805 3774; x_wconf 72' lang='lat' dir='ltr'><strong>ei</strong></span> <span class='ocrx_word' id='word_1_317' title='bbox 823 3704 860 3772; x_wconf 79' lang='lat' dir='ltr'><strong>in</strong></span> <span class='ocrx_word' id='word_1_318' title='bbox 877 3695 1306 3775; x_wconf 71' lang='lat' dir='ltr'><strong>curmD,D0cr01-Mar.</strong></span> <span class='ocrx_word' id='word_1_319' title='bbox 1356 3689 1526 3762; x_wconf 88' lang='lat' dir='ltr'><strong>restituat.</strong></span> <span class='ocrx_word' id='word_1_320' title='bbox 1578 3688 1677 3756; x_wconf 84' lang='lat' dir='ltr'><strong>Bene</strong></span> <span class='ocrx_word' id='word_1_321' title='bbox 1694 3703 1727 3758; x_wconf 91' lang='lat' dir='ltr'><strong>et</strong></span> <span class='ocrx_word' id='word_1_322' title='bbox 1742 3689 1893 3757; x_wconf 84' lang='lat' dir='ltr'><strong>feliciter</strong></span> <span class='ocrx_word' id='word_1_323' title='bbox 1907 3691 1994 3762; x_wconf 87' lang='lat' dir='ltr'><strong>vale.</strong></span> <span class='ocrx_word' id='word_1_324' title='bbox 2048 3691 2185 3779; x_wconf 84' lang='lat' dir='ltr'><strong>Quinto</strong></span> <span class='ocrx_word' id='word_1_325' title='bbox 2202 3693 2349 3764; x_wconf 75' lang='lat' dir='ltr'><strong>(Jalend.</strong></span> 
     </span>
     <span class='ocr_line' id='line_1_30' title="bbox 312 3785 1517 3926; baseline -0.012 -47"><span class='ocrx_word' id='word_1_326' title='bbox 312 3808 432 3926; x_wconf 69' lang='lat' dir='ltr'><strong>tinus,</strong></span> <span class='ocrx_word' id='word_1_327' title='bbox 452 3811 515 3903; x_wconf 92' lang='lat' dir='ltr'><strong>qui</strong></span> <span class='ocrx_word' id='word_1_328' title='bbox 531 3810 728 3900; x_wconf 84' lang='lat' dir='ltr'><strong>expatiatur</strong></span> <span class='ocrx_word' id='word_1_329' title='bbox 743 3807 854 3877; x_wconf 90' lang='lat' dir='ltr'><strong>animi</strong></span> <span class='ocrx_word' id='word_1_330' title='bbox 871 3830 984 3876; x_wconf 87' lang='lat' dir='ltr'><strong>eausa.</strong></span> <span class='ocrx_word' id='word_1_331' title='bbox 1036 3799 1130 3873; x_wconf 88' lang='lat' dir='ltr'><strong>Mihi</strong></span> <span class='ocrx_word' id='word_1_332' title='bbox 1145 3829 1219 3873; x_wconf 94' lang='lat' dir='ltr'><strong>non</strong></span> <span class='ocrx_word' id='word_1_333' title='bbox 1233 3805 1307 3874; x_wconf 89' lang='lat' dir='ltr'><strong>dis-</strong></span> <span class='ocrx_word' id='word_1_334' title='bbox 1355 3785 1517 3878; x_wconf 84' lang='lat' dir='ltr'><strong>Augusti.</strong></span> 
     </span>
    </p>
   </div>
   <div class='ocr_carea' id='block_1_11' title="bbox 1533 1241 2334 1264">
    <p class='ocr_par' dir='ltr' id='par_1_12' title="bbox 1533 1241 2334 1264">
     <span class='ocr_line' id='line_1_31' title="bbox 1533 1241 2334 1264; baseline 0 -5"><span class='ocrx_word' id='word_1_335' title='bbox 1533 1241 1606 1250; x_wconf 70' lang='lat'>&#39;⁸¹&#39;—</span> <span class='ocrx_word' id='word_1_336' title='bbox 1907 1246 2334 1264; x_wconf 54' lang='lat' dir='ltr'><strong>*n-—u—-n—---....-</strong></span> 
     </span>
    </p>
   </div>
   <div class='ocr_carea' id='block_1_12' title="bbox 2015 3887 2295 3969">
    <p class='ocr_par' dir='ltr' id='par_1_13' title="bbox 2015 3887 2295 3969">
     <span class='ocr_line' id='line_1_32' title="bbox 2015 3887 2295 3969; baseline 0.029 -9"><span class='ocrx_word' id='word_1_337' title='bbox 2015 3887 2109 3962; x_wconf 90' lang='lat' dir='ltr'><strong>Phil.</strong></span> <span class='ocrx_word' id='word_1_338' title='bbox 2121 3893 2295 3969; x_wconf 87' lang='lat' dir='ltr'><strong>Melanth.</strong></span> 
     </span>
    </p>
   </div>
   <div class='ocr_carea' id='block_1_13' title="bbox 317 4009 539 4020">
    <p class='ocr_par' dir='ltr' id='par_1_14' title="bbox 317 4009 539 4020">
     <span class='ocr_line' id='line_1_33' title="bbox 317 4009 539 4020; baseline -0.014 0"><span class='ocrx_word' id='word_1_339' title='bbox 317 4013 324 4020; x_wconf 90' lang='lat'>-</span> <span class='ocrx_word' id='word_1_340' title='bbox 346 4009 539 4020; x_wconf 46' lang='grc' dir='ltr'><strong>..ψῃ-...-</strong></span> 
     </span>
    </p>
   </div>
   <div class='ocr_carea' id='block_1_14' title="bbox 382 4123 2347 4686">
    <p class='ocr_par' dir='ltr' id='par_1_15' title="bbox 382 4123 2347 4686">
     <span class='ocr_line' id='line_1_34' title="bbox 382 4123 2339 4182; baseline -0.011 -1"><span class='ocrx_word' id='word_1_341' title='bbox 382 4128 512 4182; x_wconf 75' lang='lat' dir='ltr'><strong>Attamen</strong></span> <span class='ocrx_word' id='word_1_342' title='bbox 526 4126 626 4180; x_wconf 83' lang='lat' dir='ltr'><strong>aeterni</strong></span> <span class='ocrx_word' id='word_1_343' title='bbox 641 4144 695 4179; x_wconf 90' lang='lat' dir='ltr'><strong>nou</strong></span> <span class='ocrx_word' id='word_1_344' title='bbox 710 4124 786 4178; x_wconf 76' lang='lat' dir='ltr'><strong>fallet</strong></span> <span class='ocrx_word' id='word_1_345' title='bbox 799 4123 897 4178; x_wconf 87' lang='lat' dir='ltr'><strong>iudicis</strong></span> <span class='ocrx_word' id='word_1_346' title='bbox 911 4123 993 4178; x_wconf 73' lang='lat' dir='ltr'><strong>iram.</strong></span> <span class='ocrx_word' id='word_1_347' title='bbox 1356 4137 1891 4150; x_wconf 68' lang='grc'><strong>-·““···-··--·--·---·-</strong></span> <span class='ocrx_word' id='word_1_348' title='bbox 1904 4139 2071 4148; x_wconf 83' lang='lat'><strong><em>-·-·-·---·</em></strong></span> <span class='ocrx_word' id='word_1_349' title='bbox 2090 4143 2130 4150; x_wconf 85' lang='lat'><strong>--</strong></span> <span class='ocrx_word' id='word_1_350' title='bbox 2152 4145 2165 4150; x_wconf 92' lang='lat'><strong>-·</strong></span> <span class='ocrx_word' id='word_1_351' title='bbox 2200 4144 2226 4151; x_wconf 81' lang='lat'>-</span> <span class='ocrx_word' id='word_1_352' title='bbox 2317 4145 2339 4152; x_wconf 91' lang='lat'><strong>--</strong></span> 
     </span>
     <span class='ocr_line' id='line_1_35' title="bbox 419 4191 1002 4266; baseline -0.014 -16"><span class='ocrx_word' id='word_1_353' title='bbox 419 4197 518 4251; x_wconf 79' lang='lat' dir='ltr'><strong>Abdita</strong></span> <span class='ocrx_word' id='word_1_354' title='bbox 533 4194 579 4266; x_wconf 89' lang='lat' dir='ltr'><strong>qui</strong></span> <span class='ocrx_word' id='word_1_355' title='bbox 593 4194 664 4248; x_wconf 85' lang='lat' dir='ltr'><strong>clare</strong></span> <span class='ocrx_word' id='word_1_356' title='bbox 677 4194 792 4248; x_wconf 85' lang='lat' dir='ltr'><strong>crimina</strong></span> <span class='ocrx_word' id='word_1_357' title='bbox 807 4204 905 4246; x_wconf 80' lang='lat' dir='ltr'><strong>cuncta</strong></span> <span class='ocrx_word' id='word_1_358' title='bbox 921 4191 1002 4242; x_wconf 80' lang='lat' dir='ltr'><strong>ridet.</strong></span> 
     </span>
     <span class='ocr_line' id='line_1_36' title="bbox 382 4260 1042 4336; baseline -0.011 -19"><span class='ocrx_word' id='word_1_359' title='bbox 382 4264 445 4319; x_wconf 83' lang='lat' dir='ltr'><strong>Non</strong></span> <span class='ocrx_word' id='word_1_360' title='bbox 459 4266 571 4336; x_wconf 88' lang='lat' dir='ltr'><strong>impune</strong></span> <span class='ocrx_word' id='word_1_361' title='bbox 588 4263 638 4318; x_wconf 88' lang='lat' dir='ltr'><strong>Dei</strong></span> <span class='ocrx_word' id='word_1_362' title='bbox 654 4261 755 4334; x_wconf 86' lang='lat' dir='ltr'><strong>poteris</strong></span> <span class='ocrx_word' id='word_1_363' title='bbox 769 4262 871 4316; x_wconf 79' lang='lat' dir='ltr'><strong>violare</strong></span> <span class='ocrx_word' id='word_1_364' title='bbox 885 4260 1042 4328; x_wconf 66' lang='lat' dir='ltr'><strong>rrragistrum</strong></span> 
     </span>
     <span class='ocr_line' id='line_1_37' title="bbox 419 4305 2347 4398; baseline -0.01 -12"><span class='ocrx_word' id='word_1_365' title='bbox 419 4333 504 4388; x_wconf 89' lang='lat' dir='ltr'><strong>Cuius</strong></span> <span class='ocrx_word' id='word_1_366' title='bbox 517 4353 564 4386; x_wconf 77' lang='lat' dir='ltr'><strong>ror</strong></span> <span class='ocrx_word' id='word_1_367' title='bbox 579 4333 675 4386; x_wconf 85' lang='lat' dir='ltr'><strong>Christi</strong></span> <span class='ocrx_word' id='word_1_368' title='bbox 690 4349 803 4383; x_wconf 84' lang='lat' dir='ltr'><strong>munera</strong></span> <span class='ocrx_word' id='word_1_369' title='bbox 817 4348 912 4398; x_wconf 74' lang='lat' dir='ltr'><strong>magna</strong></span> <span class='ocrx_word' id='word_1_370' title='bbox 925 4338 1012 4381; x_wconf 83' lang='lat' dir='ltr'><strong>sonat.</strong></span> <span class='ocrx_word' id='word_1_371' title='bbox 1368 4306 1434 4376; x_wconf 71' lang='lat' dir='ltr'><strong>No,</strong></span> <span class='ocrx_word' id='word_1_372' title='bbox 1450 4305 1562 4376; x_wconf 69' lang='lat'><strong>3233.</strong></span> <span class='ocrx_word' id='word_1_373' title='bbox 2168 4315 2217 4391; x_wconf 87' lang='lat' dir='ltr'><strong>(h.</strong></span> <span class='ocrx_word' id='word_1_374' title='bbox 2231 4318 2347 4395; x_wconf 71' lang='lat' dir='ltr'><strong>mense)</strong></span> 
     </span>
     <span class='ocr_line' id='line_1_38' title="bbox 384 4397 2341 4469; baseline -0.012 -17"><span class='ocrx_word' id='word_1_375' title='bbox 384 4400 471 4455; x_wconf 84' lang='lat' dir='ltr'><strong>Testis</strong></span> <span class='ocrx_word' id='word_1_376' title='bbox 485 4404 535 4454; x_wconf 91' lang='lat' dir='ltr'><strong>erit</strong></span> <span class='ocrx_word' id='word_1_377' title='bbox 551 4421 627 4454; x_wconf 77' lang='lat' dir='ltr'><strong>seras</strong></span> <span class='ocrx_word' id='word_1_378' title='bbox 642 4403 782 4454; x_wconf 84' lang='lat' dir='ltr'><strong>Buecrum</strong></span> <span class='ocrx_word' id='word_1_379' title='bbox 796 4417 922 4469; x_wconf 82' lang='lat' dir='ltr'><strong>spargere</strong></span> <span class='ocrx_word' id='word_1_380' title='bbox 939 4397 1061 4451; x_wconf 83' lang='lat' dir='ltr'><strong>Christus</strong></span> <span class='ocrx_word' id='word_1_381' title='bbox 1361 4403 1573 4436; x_wconf 52' lang='grc' dir='ltr'><strong>Μ</strong></span> <span class='ocrx_word' id='word_1_382' title='bbox 2173 4403 2341 4430; x_wconf 55' lang='lat' dir='ltr'><strong>som</strong></span> 
     </span>
     <span class='ocr_line' id='line_1_39' title="bbox 419 4451 2006 4552; baseline -0.012 -30"><span class='ocrx_word' id='word_1_383' title='bbox 419 4469 580 4551; x_wconf 66' lang='lat' dir='ltr'><strong>Doctripem</strong></span> <span class='ocrx_word' id='word_1_384' title='bbox 595 4469 622 4521; x_wconf 93' lang='lat' dir='ltr'><strong>in</strong></span> <span class='ocrx_word' id='word_1_385' title='bbox 639 4467 747 4552; x_wconf 78' lang='lat' dir='ltr'><strong>populis</strong></span> <span class='ocrx_word' id='word_1_386' title='bbox 762 4468 945 4550; x_wconf 33' lang='lat' dir='ltr'><strong>sertrinalpura</strong></span> <span class='ocrx_word' id='word_1_387' title='bbox 960 4466 1023 4518; x_wconf 88' lang='lat' dir='ltr'><strong>Dei.</strong></span> <span class='ocrx_word' id='word_1_388' title='bbox 1692 4451 1736 4538; x_wconf 57' lang='lat' dir='ltr'><strong>C·</strong></span> <span class='ocrx_word' id='word_1_389' title='bbox 1771 4454 2006 4539; x_wconf 49' lang='lat' dir='ltr'><em>Pannonio.</em></span> 
     </span>
     <span class='ocr_line' id='line_1_40' title="bbox 386 4538 1811 4686; baseline -0.006 -26"><span class='ocrx_word' id='word_1_390' title='bbox 386 4538 745 4686; x_wconf 53' lang='lat' dir='ltr'><strong>Qi’hebliecigiitiiefgilipitid</strong></span> <span class='ocrx_word' id='word_1_391' title='bbox 747 4556 836 4675; x_wconf 53' lang='grc' dir='ltr'><strong>111ιὶιέὲῖ</strong></span> <span class='ocrx_word' id='word_1_392' title='bbox 848 4538 1067 4658; x_wconf 48' lang='lat' dir='ltr'><strong>‹llpeppacptgpipp</strong></span> <span class='ocrx_word' id='word_1_393' title='bbox 1452 4595 1537 4666; x_wconf 86' lang='lat' dir='ltr'><strong>Epist.</strong></span> <span class='ocrx_word' id='word_1_394' title='bbox 1552 4595 1600 4651; x_wconf 90' lang='lat' dir='ltr'><strong>lib.</strong></span> <span class='ocrx_word' id='word_1_395' title='bbox 1615 4596 1648 4651; x_wconf 92' lang='lat' dir='ltr'><strong>V.</strong></span> <span class='ocrx_word' id='word_1_396' title='bbox 1663 4615 1690 4667; x_wconf 92' lang='lat' dir='ltr'><strong>p.</strong></span> <span class='ocrx_word' id='word_1_397' title='bbox 1705 4596 1757 4650; x_wconf 82' lang='lat'><strong>285</strong></span> <span class='ocrx_word' id='word_1_398' title='bbox 1771 4617 1811 4668; x_wconf 86' lang='lat' dir='ltr'><strong>sq.</strong></span> 
     </span>
    </p>
   </div>
   <div class='ocr_carea' id='block_1_15' title="bbox 383 4669 1030 4748">
    <p class='ocr_par' dir='ltr' id='par_1_16' title="bbox 383 4669 1030 4748">
     <span class='ocr_line' id='line_1_41' title="bbox 383 4669 1030 4748; baseline -0.014 -16"><span class='ocrx_word' id='word_1_399' title='bbox 383 4677 418 4732; x_wconf 86' lang='lat' dir='ltr'><strong>Et</strong></span> <span class='ocrx_word' id='word_1_400' title='bbox 450 4695 586 4748; x_wconf 80' lang='lat' dir='ltr'><strong>uunquam</strong></span> <span class='ocrx_word' id='word_1_401' title='bbox 600 4677 696 4727; x_wconf 74' lang='lat' dir='ltr'><strong>intexis</strong></span> <span class='ocrx_word' id='word_1_402' title='bbox 710 4676 823 4728; x_wconf 74' lang='lat' dir='ltr'><strong>verbosa</strong></span> <span class='ocrx_word' id='word_1_403' title='bbox 838 4669 953 4728; x_wconf 75' lang='lat' dir='ltr'><strong>crimina</strong></span> <span class='ocrx_word' id='word_1_404' title='bbox 966 4672 1030 4725; x_wconf 85' lang='lat' dir='ltr'><strong>laisa</strong></span> 
     </span>
    </p>
   </div>
   <div class='ocr_carea' id='block_1_16' title="bbox 385 4726 2298 5090">
    <p class='ocr_par' dir='ltr' id='par_1_17' title="bbox 385 4726 2298 5090">
     <span class='ocr_line' id='line_1_42' title="bbox 444 4726 2298 4838; baseline 0.006 -40"><span class='ocrx_word' id='word_1_405' title='bbox 444 4744 599 4826; x_wconf 68' lang='lat' dir='ltr'><strong>eglectaqtte</strong></span> <span class='ocrx_word' id='word_1_406' title='bbox 614 4741 698 4796; x_wconf 79' lang='lat' dir='ltr'><strong>refers</strong></span> <span class='ocrx_word' id='word_1_407' title='bbox 711 4743 797 4794; x_wconf 79' lang='lat' dir='ltr'><strong>multa</strong></span> <span class='ocrx_word' id='word_1_408' title='bbox 810 4743 934 4824; x_wconf 81' lang='lat' dir='ltr'><strong>pudenda</strong></span> <span class='ocrx_word' id='word_1_409' title='bbox 950 4742 1018 4804; x_wconf 72' lang='lat' dir='ltr'><strong>side,</strong></span> <span class='ocrx_word' id='word_1_410' title='bbox 1053 4808 1060 4821; x_wconf 39' lang='lat'><strong>.</strong></span> <span class='ocrx_word' id='word_1_411' title='bbox 1406 4726 1473 4802; x_wconf 66' lang='lat' dir='ltr'><strong>Cli</strong></span> <span class='ocrx_word' id='word_1_412' title='bbox 1486 4735 1552 4802; x_wconf 69' lang='lat' dir='ltr'><strong>ris</strong></span> <span class='ocrx_word' id='word_1_413' title='bbox 1560 4741 1573 4800; x_wconf 77' lang='lat' dir='ltr'><strong>l</strong></span> <span class='ocrx_word' id='word_1_414' title='bbox 1583 4757 1633 4830; x_wconf 79' lang='lat' dir='ltr'><strong>Op</strong></span> <span class='ocrx_word' id='word_1_415' title='bbox 1644 4730 1669 4802; x_wconf 74' lang='lat' dir='ltr'><em>h</em></span> <span class='ocrx_word' id='word_1_416' title='bbox 1680 4761 1700 4804; x_wconf 91' lang='grc'><em>0</em></span> <span class='ocrx_word' id='word_1_417' title='bbox 1712 4759 1758 4803; x_wconf 82' lang='grc' dir='ltr'><strong>ΓΟ</strong></span> <span class='ocrx_word' id='word_1_418' title='bbox 1791 4728 1854 4804; x_wconf 76' lang='lat' dir='ltr'><strong>Pa</strong></span> <span class='ocrx_word' id='word_1_419' title='bbox 1865 4759 1889 4803; x_wconf 81' lang='lat' dir='ltr'><strong>n</strong></span> <span class='ocrx_word' id='word_1_420' title='bbox 1899 4760 1923 4804; x_wconf 83' lang='lat' dir='ltr'><strong>n</strong></span> <span class='ocrx_word' id='word_1_421' title='bbox 1936 4737 2044 4807; x_wconf 74' lang='grc' dir='ltr'><strong><em>011ἷο</em></strong></span> <span class='ocrx_word' id='word_1_422' title='bbox 2080 4749 2099 4831; x_wconf 93' lang='lat'><em>(</em></span> <span class='ocrx_word' id='word_1_423' title='bbox 2107 4733 2298 4838; x_wconf 69' lang='lat' dir='ltr'><strong>Theologtt</strong></span> 
     </span>
     <span class='ocr_line' id='line_1_43' title="bbox 385 4810 1986 4936; baseline -0.012 -68"><span class='ocrx_word' id='word_1_424' title='bbox 385 4815 449 4868; x_wconf 86' lang='lat' dir='ltr'><strong>Nou</strong></span> <span class='ocrx_word' id='word_1_425' title='bbox 463 4827 551 4867; x_wconf 84' lang='lat' dir='ltr'><strong>tamen</strong></span> <span class='ocrx_word' id='word_1_426' title='bbox 567 4822 703 4911; x_wconf 51' lang='lat' dir='ltr'><strong>&#39;nil&#39;lu&#39;fl</strong></span> <span class='ocrx_word' id='word_1_427' title='bbox 718 4821 757 4891; x_wconf 75' lang='lat' dir='ltr'><strong>est</strong></span> <span class='ocrx_word' id='word_1_428' title='bbox 769 4822 874 4918; x_wconf 73' lang='lat' dir='ltr'><strong>capitur</strong></span> <span class='ocrx_word' id='word_1_429' title='bbox 888 4810 961 4931; x_wconf 53' lang='lat' dir='ltr'><strong>qude</strong></span> <span class='ocrx_word' id='word_1_430' title='bbox 976 4827 1096 4864; x_wconf 75' lang='lat' dir='ltr'><strong>carmine</strong></span> <span class='ocrx_word' id='word_1_431' title='bbox 1112 4817 1198 4861; x_wconf 78' lang='lat' dir='ltr'><strong>restro</strong></span> <span class='ocrx_word' id='word_1_432' title='bbox 1707 4831 1958 4936; x_wconf 47' lang='lat' dir='ltr'><strong><em>Francosord·</em></strong></span> <span class='ocrx_word' id='word_1_433' title='bbox 1966 4841 1986 4925; x_wconf 77' lang='lat'><em>)</em></span> 
     </span>
     <span class='ocr_line' id='line_1_44' title="bbox 385 4881 1004 5022; baseline -0.013 -17"><span class='ocrx_word' id='word_1_434' title='bbox 385 4881 661 5022; x_wconf 60' lang='lat' dir='ltr'><strong>ndii‘ll‘chiiiil</strong></span> <span class='ocrx_word' id='word_1_435' title='bbox 676 4888 1004 5016; x_wconf 65' lang='lat' dir='ltr'><strong>tltt;&#39;&#39;1&#39;.²..t:.ti¹t.÷.t‘t</strong></span> 
     </span>
     <span class='ocr_line' id='line_1_45' title="bbox 417 5016 947 5090; baseline -0.008 -18"><span class='ocrx_word' id='word_1_436' title='bbox 417 5021 484 5073; x_wconf 87' lang='lat' dir='ltr'><strong>Fide</strong></span> <span class='ocrx_word' id='word_1_437' title='bbox 496 5020 578 5090; x_wconf 82' lang='lat' dir='ltr'><strong>Evan</strong></span> <span class='ocrx_word' id='word_1_438' title='bbox 589 5019 633 5071; x_wconf 85' lang='lat' dir='ltr'><strong>elii</strong></span> <span class='ocrx_word' id='word_1_439' title='bbox 648 5029 759 5087; x_wconf 85' lang='lat' dir='ltr'><strong>pectore</strong></span> <span class='ocrx_word' id='word_1_440' title='bbox 772 5016 843 5069; x_wconf 82' lang='lat' dir='ltr'><strong>dicta</strong></span> <span class='ocrx_word' id='word_1_441' title='bbox 859 5016 947 5068; x_wconf 86' lang='lat' dir='ltr'><strong>docet.</strong></span> 
     </span>
    </p>
   </div>
   <div class='ocr_carea' id='block_1_17' title="bbox 386 4947 2348 5168">
    <p class='ocr_par' dir='ltr' id='par_1_18' title="bbox 386 4947 2348 5168">
     <span class='ocr_line' id='line_1_46' title="bbox 1355 4947 2345 5056; baseline 0.004 -18"><span class='ocrx_word' id='word_1_442' title='bbox 1355 4947 1399 5038; x_wconf 81' lang='lat' dir='ltr'><strong>s·</strong></span> <span class='ocrx_word' id='word_1_443' title='bbox 1427 4971 1472 5046; x_wconf 91' lang='lat' dir='ltr'><strong>D.</strong></span> <span class='ocrx_word' id='word_1_444' title='bbox 1524 4972 1626 5056; x_wconf 89' lang='lat' dir='ltr'><strong>Scio,</strong></span> <span class='ocrx_word' id='word_1_445' title='bbox 1649 4987 1682 5040; x_wconf 94' lang='lat' dir='ltr'><strong>te</strong></span> <span class='ocrx_word' id='word_1_446' title='bbox 1705 4972 1743 5038; x_wconf 94' lang='lat' dir='ltr'><strong>in</strong></span> <span class='ocrx_word' id='word_1_447' title='bbox 1763 4973 1915 5041; x_wconf 90' lang='lat' dir='ltr'><strong>amicitia</strong></span> <span class='ocrx_word' id='word_1_448' title='bbox 1933 4976 2167 5046; x_wconf 86' lang='lat' dir='ltr'><strong>constantiam</strong></span> <span class='ocrx_word' id='word_1_449' title='bbox 2186 4993 2219 5046; x_wconf 92' lang='lat' dir='ltr'><strong>et</strong></span> <span class='ocrx_word' id='word_1_450' title='bbox 2243 4979 2345 5045; x_wconf 85' lang='lat' dir='ltr'><strong>sulem</strong></span> 
     </span>
     <span class='ocr_line' id='line_1_47' title="bbox 386 5073 2348 5168; baseline 0.002 -24"><span class='ocrx_word' id='word_1_451' title='bbox 386 5089 479 5144; x_wconf 72' lang='lat' dir='ltr'><strong>Hostia</strong></span> <span class='ocrx_word' id='word_1_452' title='bbox 491 5090 530 5142; x_wconf 69' lang='lat' dir='ltr'><strong>sic</strong></span> <span class='ocrx_word' id='word_1_453' title='bbox 544 5107 579 5142; x_wconf 77' lang='lat' dir='ltr'><strong>vo</strong></span> <span class='ocrx_word' id='word_1_454' title='bbox 600 5089 621 5140; x_wconf 68' lang='lat' dir='ltr'><strong>is</strong></span> <span class='ocrx_word' id='word_1_455' title='bbox 635 5096 672 5139; x_wconf 71' lang='lat' dir='ltr'><strong>est</strong></span> <span class='ocrx_word' id='word_1_456' title='bbox 685 5085 822 5168; x_wconf 60' lang='lat' dir='ltr'><strong>quantam</strong></span> <span class='ocrx_word' id='word_1_457' title='bbox 837 5083 924 5136; x_wconf 67' lang='lat' dir='ltr'><strong>tactus</strong></span> <span class='ocrx_word' id='word_1_458' title='bbox 938 5084 1059 5150; x_wconf 74' lang='lat' dir='ltr'><strong>Aaotsus·</strong></span> <span class='ocrx_word' id='word_1_459' title='bbox 1356 5073 1586 5161; x_wconf 84' lang='lat' dir='ltr'><strong>dignamviro</strong></span> <span class='ocrx_word' id='word_1_460' title='bbox 1603 5075 1696 5142; x_wconf 88' lang='lat' dir='ltr'><strong>bono</strong></span> <span class='ocrx_word' id='word_1_461' title='bbox 1714 5098 1754 5142; x_wconf 90' lang='lat' dir='ltr'><strong>ac</strong></span> <span class='ocrx_word' id='word_1_462' title='bbox 1768 5077 1872 5144; x_wconf 92' lang='lat' dir='ltr'><strong>docto</strong></span> <span class='ocrx_word' id='word_1_463' title='bbox 1888 5075 2028 5147; x_wconf 81' lang='lat' dir='ltr'><strong>virtutis</strong></span> <span class='ocrx_word' id='word_1_464' title='bbox 2043 5100 2162 5146; x_wconf 85' lang='lat' dir='ltr'><strong>caussa</strong></span> <span class='ocrx_word' id='word_1_465' title='bbox 2177 5079 2348 5148; x_wconf 84' lang='lat' dir='ltr'><strong>amicitias</strong></span> 
     </span>
    </p>
   </div>
   <div class='ocr_carea' id='block_1_18' title="bbox 387 5151 2345 5298">
    <p class='ocr_par' dir='ltr' id='par_1_19' title="bbox 387 5151 2345 5298">
     <span class='ocr_line' id='line_1_48' title="bbox 420 5151 2164 5226; baseline -0.01 -14"><span class='ocrx_word' id='word_1_466' title='bbox 420 5159 494 5212; x_wconf 91' lang='lat' dir='ltr'><strong>Dum</strong></span> <span class='ocrx_word' id='word_1_467' title='bbox 510 5168 622 5226; x_wconf 83' lang='lat' dir='ltr'><strong>propter</strong></span> <span class='ocrx_word' id='word_1_468' title='bbox 637 5155 734 5208; x_wconf 78' lang='lat' dir='ltr'><strong>Christe</strong></span> <span class='ocrx_word' id='word_1_469' title='bbox 750 5171 850 5206; x_wconf 87' lang='lat' dir='ltr'><strong>nornen</strong></span> <span class='ocrx_word' id='word_1_470' title='bbox 862 5153 888 5204; x_wconf 94' lang='lat' dir='ltr'><strong>in</strong></span> <span class='ocrx_word' id='word_1_471' title='bbox 903 5152 966 5221; x_wconf 75' lang='lat' dir='ltr'><strong>igne</strong></span> <span class='ocrx_word' id='word_1_472' title='bbox 979 5151 1059 5221; x_wconf 86' lang='lat' dir='ltr'><strong>perit.</strong></span> <span class='ocrx_word' id='word_1_473' title='bbox 1630 5201 1637 5215; x_wconf 48' lang='lat'><strong><em>¹</em></strong></span> <span class='ocrx_word' id='word_1_474' title='bbox 2058 5178 2066 5194; x_wconf 95' lang='grc'><strong>.</strong></span> <span class='ocrx_word' id='word_1_475' title='bbox 2156 5180 2164 5195; x_wconf 93' lang='grc'><strong>.</strong></span> 
     </span>
     <span class='ocr_line' id='line_1_49' title="bbox 387 5173 2345 5298; baseline -0.002 -45"><span class='ocrx_word' id='word_1_476' title='bbox 387 5229 488 5298; x_wconf 71' lang='lat' dir='ltr'><strong>Magna</strong></span> <span class='ocrx_word' id='word_1_477' title='bbox 500 5225 607 5293; x_wconf 69' lang='lat' dir='ltr'><strong>quiden</strong></span> <span class='ocrx_word' id='word_1_478' title='bbox 623 5225 716 5287; x_wconf 73' lang='lat' dir='ltr'><strong>notis,</strong></span> <span class='ocrx_word' id='word_1_479' title='bbox 736 5223 797 5295; x_wconf 79' lang='lat' dir='ltr'><strong>quia</strong></span> <span class='ocrx_word' id='word_1_480' title='bbox 812 5230 903 5274; x_wconf 77' lang='lat' dir='ltr'><strong>nostra</strong></span> <span class='ocrx_word' id='word_1_481' title='bbox 919 5231 1005 5272; x_wconf 75' lang='lat' dir='ltr'><strong>moue</strong></span> <span class='ocrx_word' id='word_1_482' title='bbox 1020 5221 1127 5274; x_wconf 76' lang='lat' dir='ltr'><strong>tiramus</strong></span> <span class='ocrx_word' id='word_1_483' title='bbox 1357 5175 1493 5245; x_wconf 87' lang='lat' dir='ltr'><strong>colente</strong></span> <span class='ocrx_word' id='word_1_484' title='bbox 1510 5188 1697 5267; x_wconf 85' lang='lat' dir='ltr'><strong>praestare.</strong></span> <span class='ocrx_word' id='word_1_485' title='bbox 1733 5173 1817 5245; x_wconf 91' lang='lat' dir='ltr'><strong>ldeo</strong></span> <span class='ocrx_word' id='word_1_486' title='bbox 1833 5199 1898 5243; x_wconf 92' lang='lat' dir='ltr'><strong>nec</strong></span> <span class='ocrx_word' id='word_1_487' title='bbox 1916 5190 2137 5247; x_wconf 75' lang='lat' dir='ltr'><strong>excusatione</strong></span> <span class='ocrx_word' id='word_1_488' title='bbox 2154 5180 2226 5264; x_wconf 86' lang='lat' dir='ltr'><strong>rlla,</strong></span> <span class='ocrx_word' id='word_1_489' title='bbox 2241 5207 2345 5276; x_wconf 83' lang='lat' dir='ltr'><strong>quarn</strong></span> 
     </span>
    </p>
   </div>
   <div class='ocr_carea' id='block_1_19' title="bbox 387 5278 2348 5472">
    <p class='ocr_par' dir='ltr' id='par_1_20' title="bbox 387 5278 2348 5472">
     <span class='ocr_line' id='line_1_50' title="bbox 419 5278 2346 5375; baseline 0.001 -25"><span class='ocrx_word' id='word_1_490' title='bbox 419 5298 449 5350; x_wconf 85' lang='lat' dir='ltr'><strong>tn</strong></span> <span class='ocrx_word' id='word_1_491' title='bbox 464 5293 547 5366; x_wconf 72' lang='lat' dir='ltr'><strong>patr-ia</strong></span> <span class='ocrx_word' id='word_1_492' title='bbox 562 5290 683 5345; x_wconf 72' lang='lat' dir='ltr'><strong>christu·</strong></span> <span class='ocrx_word' id='word_1_493' title='bbox 697 5293 815 5375; x_wconf 50' lang='lat' dir='ltr'><strong>praemia</strong></span> <span class='ocrx_word' id='word_1_494' title='bbox 828 5291 890 5342; x_wconf 68' lang='lat' dir='ltr'><strong>sede</strong></span> <span class='ocrx_word' id='word_1_495' title='bbox 905 5289 987 5370; x_wconf 50' lang='lat' dir='ltr'><strong>debit.</strong></span> <span class='ocrx_word' id='word_1_496' title='bbox 1357 5301 1472 5366; x_wconf 90' lang='lat' dir='ltr'><strong>nuper</strong></span> <span class='ocrx_word' id='word_1_497' title='bbox 1489 5278 1676 5368; x_wconf 90' lang='lat' dir='ltr'><strong>scripsisti,</strong></span> <span class='ocrx_word' id='word_1_498' title='bbox 1703 5301 1791 5368; x_wconf 93' lang='lat' dir='ltr'><strong>opus</strong></span> <span class='ocrx_word' id='word_1_499' title='bbox 1806 5278 1892 5361; x_wconf 84' lang='lat' dir='ltr'><strong>init,</strong></span> <span class='ocrx_word' id='word_1_500' title='bbox 1917 5301 1982 5346; x_wconf 94' lang='lat' dir='ltr'><strong>nec</strong></span> <span class='ocrx_word' id='word_1_501' title='bbox 1997 5303 2060 5368; x_wconf 84' lang='lat' dir='ltr'><strong>ego</strong></span> <span class='ocrx_word' id='word_1_502' title='bbox 2083 5282 2312 5375; x_wconf 86' lang='lat' dir='ltr'><strong>requisieram</strong></span> <span class='ocrx_word' id='word_1_503' title='bbox 2328 5311 2346 5352; x_wconf 93' lang='lat' dir='ltr'><strong>a</strong></span> 
     </span>
     <span class='ocr_line' id='line_1_51' title="bbox 387 5358 2348 5472; baseline -0.012 -50"><span class='ocrx_word' id='word_1_504' title='bbox 387 5367 441 5422; x_wconf 85' lang='lat' dir='ltr'><strong>Sed</strong></span> <span class='ocrx_word' id='word_1_505' title='bbox 455 5381 505 5418; x_wconf 76' lang='lat' dir='ltr'><strong>sos</strong></span> <span class='ocrx_word' id='word_1_506' title='bbox 519 5379 588 5431; x_wconf 86' lang='lat' dir='ltr'><strong>quos</strong></span> <span class='ocrx_word' id='word_1_507' title='bbox 601 5371 726 5412; x_wconf 86' lang='lat' dir='ltr'><strong>nostrum</strong></span> <span class='ocrx_word' id='word_1_508' title='bbox 742 5369 814 5416; x_wconf 79' lang='lat' dir='ltr'><strong>nrvat</strong></span> <span class='ocrx_word' id='word_1_509' title='bbox 827 5358 964 5412; x_wconf 79' lang='lat' dir='ltr'><strong>exhaurire</strong></span> <span class='ocrx_word' id='word_1_510' title='bbox 979 5375 1103 5414; x_wconf 87' lang='lat' dir='ltr'><strong>cruorem</strong></span> <span class='ocrx_word' id='word_1_511' title='bbox 1357 5390 1569 5469; x_wconf 60' lang='lat' dir='ltr'><strong>properante</strong></span> <span class='ocrx_word' id='word_1_512' title='bbox 1592 5378 1684 5446; x_wconf 70' lang='lat' dir='ltr'><strong>illud</strong></span> <span class='ocrx_word' id='word_1_513' title='bbox 1705 5380 1879 5464; x_wconf 58' lang='lat' dir='ltr'>officium,</span> <span class='ocrx_word' id='word_1_514' title='bbox 1904 5381 1948 5447; x_wconf 69' lang='lat' dir='ltr'><strong>de</strong></span> <span class='ocrx_word' id='word_1_515' title='bbox 1971 5405 2042 5472; x_wconf 67' lang='lat' dir='ltr'><strong>quo</strong></span> <span class='ocrx_word' id='word_1_516' title='bbox 2064 5383 2197 5454; x_wconf 51' lang='lat' dir='ltr'><strong>scribis·</strong></span> <span class='ocrx_word' id='word_1_517' title='bbox 2257 5382 2348 5454; x_wconf 54' lang='lat' dir='ltr'>Diu-</span> 
     </span>
    </p>
   </div>
   <div class='ocr_carea' id='block_1_20' title="bbox 354 5427 2253 5622">
    <p class='ocr_par' dir='ltr' id='par_1_21' title="bbox 354 5427 2253 5622">
     <span class='ocr_line' id='line_1_52' title="bbox 421 5427 2204 5502; baseline 0 -16"><span class='ocrx_word' id='word_1_518' title='bbox 421 5433 465 5489; x_wconf 76' lang='lat' dir='ltr'><strong>Ad</strong></span> <span class='ocrx_word' id='word_1_519' title='bbox 484 5449 585 5502; x_wconf 82' lang='lat' dir='ltr'><strong>poenas</strong></span> <span class='ocrx_word' id='word_1_520' title='bbox 598 5428 661 5481; x_wconf 89' lang='lat' dir='ltr'><strong>iusti</strong></span> <span class='ocrx_word' id='word_1_521' title='bbox 676 5428 788 5486; x_wconf 73' lang='lat' dir='ltr'><strong>vindicis</strong></span> <span class='ocrx_word' id='word_1_522' title='bbox 799 5428 838 5481; x_wconf 85' lang='lat' dir='ltr'><strong>ira</strong></span> <span class='ocrx_word' id='word_1_523' title='bbox 852 5427 943 5482; x_wconf 79' lang='lat' dir='ltr'><strong>trahit.</strong></span> <span class='ocrx_word' id='word_1_524' title='bbox 1374 5481 1382 5496; x_wconf 67' lang='grc'><strong>,</strong></span> <span class='ocrx_word' id='word_1_525' title='bbox 1475 5481 1484 5496; x_wconf 65' lang='grc'>,</span> <span class='ocrx_word' id='word_1_526' title='bbox 2196 5484 2204 5500; x_wconf 68' lang='lat'><strong>,</strong></span> 
     </span>
     <span class='ocr_line' id='line_1_53' title="bbox 354 5495 2253 5622; baseline -0.005 -14"><span class='ocrx_word' id='word_1_527' title='bbox 354 5557 381 5622; x_wconf 88' lang='lat' dir='ltr'><strong>t)</strong></span> <span class='ocrx_word' id='word_1_528' title='bbox 401 5548 507 5605; x_wconf 84' lang='lat' dir='ltr'><strong>Coniux</strong></span> <span class='ocrx_word' id='word_1_529' title='bbox 521 5542 666 5611; x_wconf 79' lang='lat' dir='ltr'><strong>loachimi,</strong></span> <span class='ocrx_word' id='word_1_530' title='bbox 683 5542 867 5610; x_wconf 71' lang='lat' dir='ltr'><strong>Moechionis,</strong></span> <span class='ocrx_word' id='word_1_531' title='bbox 886 5561 966 5596; x_wconf 87' lang='lat' dir='ltr'><strong>soror</strong></span> <span class='ocrx_word' id='word_1_532' title='bbox 986 5539 1147 5603; x_wconf 77' lang='lat' dir='ltr'><strong>Christiani,</strong></span> <span class='ocrx_word' id='word_1_533' title='bbox 1168 5537 1238 5610; x_wconf 69' lang='lat' dir='ltr'><strong>regis</strong></span> <span class='ocrx_word' id='word_1_534' title='bbox 1251 5539 1309 5593; x_wconf 80' lang='lat' dir='ltr'><strong>Da·</strong></span> <span class='ocrx_word' id='word_1_535' title='bbox 1358 5495 1447 5564; x_wconf 54' lang='grc' dir='ltr'><strong>Μ’</strong></span> <span class='ocrx_word' id='word_1_536' title='bbox 1474 5505 1545 5548; x_wconf 56' lang='lat' dir='ltr'><strong>mlo</strong></span> <span class='ocrx_word' id='word_1_537' title='bbox 1561 5503 1698 5571; x_wconf 64' lang='lat' dir='ltr'>semper</span> <span class='ocrx_word' id='word_1_538' title='bbox 1718 5505 1782 5550; x_wconf 70' lang='lat' dir='ltr'><strong>nos</strong></span> <span class='ocrx_word' id='word_1_539' title='bbox 1798 5506 1869 5550; x_wconf 63' lang='lat' dir='ltr'><strong>una</strong></span> <span class='ocrx_word' id='word_1_540' title='bbox 1887 5504 1960 5549; x_wconf 65' lang='lat' dir='ltr'>esse</span> <span class='ocrx_word' id='word_1_541' title='bbox 1975 5505 2077 5575; x_wconf 57' lang='lat' dir='ltr'>posse</span> <span class='ocrx_word' id='word_1_542' title='bbox 2092 5497 2253 5576; x_wconf 51' lang='lat' dir='ltr'><strong>‘’plana&#39;&#39;</strong></span> 
     </span>
    </p>
   </div>
   <div class='ocr_carea' id='block_1_21' title="bbox 386 5609 1311 5750">
    <p class='ocr_par' dir='ltr' id='par_1_22' title="bbox 386 5609 1311 5750">
     <span class='ocr_line' id='line_1_54' title="bbox 388 5609 1311 5698; baseline -0.013 -24"><span class='ocrx_word' id='word_1_543' title='bbox 388 5621 466 5685; x_wconf 84' lang='lat' dir='ltr'><strong>uiae,</strong></span> <span class='ocrx_word' id='word_1_544' title='bbox 485 5623 609 5698; x_wconf 61' lang='lat' dir='ltr'><strong>peperata</strong></span> <span class='ocrx_word' id='word_1_545' title='bbox 628 5631 644 5666; x_wconf 78' lang='lat' dir='ltr'><strong>a</strong></span> <span class='ocrx_word' id='word_1_546' title='bbox 666 5613 762 5667; x_wconf 79' lang='lat' dir='ltr'><strong>marito</strong></span> <span class='ocrx_word' id='word_1_547' title='bbox 778 5611 986 5694; x_wconf 70' lang='lat' dir='ltr'><strong>Licbtenbergae</strong></span> <span class='ocrx_word' id='word_1_548' title='bbox 1007 5620 1117 5682; x_wconf 81' lang='lat' dir='ltr'><strong>tegens,</strong></span> <span class='ocrx_word' id='word_1_549' title='bbox 1137 5620 1163 5691; x_wconf 71' lang='lat' dir='ltr'><strong>et</strong></span> <span class='ocrx_word' id='word_1_550' title='bbox 1181 5609 1311 5664; x_wconf 82' lang='lat' dir='ltr'><strong>aloauue</strong></span> 
     </span>
     <span class='ocr_line' id='line_1_55' title="bbox 386 5679 1170 5750; baseline -0.014 -8"><span class='ocrx_word' id='word_1_551' title='bbox 386 5688 529 5743; x_wconf 80' lang='lat' dir='ltr'><strong>Frideneo</strong></span> <span class='ocrx_word' id='word_1_552' title='bbox 541 5681 627 5736; x_wconf 78' lang='lat' dir='ltr'><strong>blect·</strong></span> <span class='ocrx_word' id='word_1_553' title='bbox 642 5679 752 5734; x_wconf 82' lang='lat' dir='ltr'><strong>honeste</strong></span> <span class='ocrx_word' id='word_1_554' title='bbox 766 5690 877 5738; x_wconf 73' lang='lat' dir='ltr'><strong>nutrita.</strong></span> <span class='ocrx_word' id='word_1_555' title='bbox 913 5680 964 5750; x_wconf 81' lang='lat' dir='ltr'><strong>(Ex</strong></span> <span class='ocrx_word' id='word_1_556' title='bbox 977 5688 1040 5735; x_wconf 81' lang='lat' dir='ltr'><strong>nota</strong></span> <span class='ocrx_word' id='word_1_557' title='bbox 1054 5679 1170 5747; x_wconf 74' lang='lat' dir='ltr'><strong>saun.)</strong></span> 
     </span>
    </p>
   </div>
   <div class='ocr_carea' id='block_1_22' title="bbox 1357 5673 1593 5688">
    <p class='ocr_par' dir='ltr' id='par_1_23' title="bbox 1357 5673 1593 5688">
     <span class='ocr_line' id='line_1_56' title="bbox 1357 5673 1593 5688; baseline -0.004 -3"><span class='ocrx_word' id='word_1_558' title='bbox 1357 5673 1593 5688; x_wconf 76' lang='lat'><strong>———</strong></span> 
     </span>
    </p>
   </div>
   <div class='ocr_carea' id='block_1_23' title="bbox 1393 5765 2349 5907">
    <p class='ocr_par' dir='ltr' id='par_1_24' title="bbox 1393 5765 2349 5907">
     <span class='ocr_line' id='line_1_57' title="bbox 1393 5765 2349 5833; baseline 0.005 -14"><span class='ocrx_word' id='word_1_559' title='bbox 1393 5766 1423 5832; x_wconf 81' lang='lat'><strong>2)</strong></span> <span class='ocrx_word' id='word_1_560' title='bbox 1441 5765 1529 5823; x_wconf 78' lang='lat' dir='ltr'><strong>llaec:</strong></span> <span class='ocrx_word' id='word_1_561' title='bbox 1548 5769 1631 5822; x_wconf 75' lang='lat' dir='ltr'><strong>Doce.</strong></span> <span class='ocrx_word' id='word_1_562' title='bbox 1646 5767 1778 5833; x_wconf 71' lang='lat' dir='ltr'><strong>cruciger</strong></span> <span class='ocrx_word' id='word_1_563' title='bbox 1790 5777 1843 5822; x_wconf 84' lang='lat' dir='ltr'><strong>eto.</strong></span> <span class='ocrx_word' id='word_1_564' title='bbox 1859 5767 1980 5825; x_wconf 77' lang='lat' dir='ltr'><strong>Densius</strong></span> <span class='ocrx_word' id='word_1_565' title='bbox 1996 5789 2053 5827; x_wconf 82' lang='lat' dir='ltr'><strong>uon</strong></span> <span class='ocrx_word' id='word_1_566' title='bbox 2067 5769 2158 5826; x_wconf 82' lang='lat' dir='ltr'><strong>edidit.</strong></span> <span class='ocrx_word' id='word_1_567' title='bbox 2182 5801 2211 5810; x_wconf 95' lang='lat'><em>-</em></span> <span class='ocrx_word' id='word_1_568' title='bbox 2247 5774 2290 5827; x_wconf 84' lang='lat' dir='ltr'><strong>De</strong></span> <span class='ocrx_word' id='word_1_569' title='bbox 2302 5773 2349 5828; x_wconf 86' lang='lat' dir='ltr'><strong>illo</strong></span> 
     </span>
     <span class='ocr_line' id='line_1_58' title="bbox 1430 5834 1991 5907; baseline 0.012 -19"><span class='ocrx_word' id='word_1_570' title='bbox 1430 5836 1528 5890; x_wconf 87' lang='lat' dir='ltr'><strong>itinere</strong></span> <span class='ocrx_word' id='word_1_571' title='bbox 1541 5837 1594 5890; x_wconf 80' lang='lat' dir='ltr'><strong>rid.</strong></span> <span class='ocrx_word' id='word_1_572' title='bbox 1608 5855 1650 5907; x_wconf 84' lang='lat' dir='ltr'><strong>ep.</strong></span> <span class='ocrx_word' id='word_1_573' title='bbox 1666 5834 1699 5889; x_wconf 78' lang='lat' dir='ltr'><strong>ad</strong></span> <span class='ocrx_word' id='word_1_574' title='bbox 1715 5837 1823 5894; x_wconf 76' lang='lat' dir='ltr'><strong>Cemer.</strong></span> <span class='ocrx_word' id='word_1_575' title='bbox 1839 5837 1867 5891; x_wconf 86' lang='lat' dir='ltr'><strong>d.</strong></span> <span class='ocrx_word' id='word_1_576' title='bbox 1880 5839 1923 5894; x_wconf 74' lang='lat'><strong>26.</strong></span> <span class='ocrx_word' id='word_1_577' title='bbox 1938 5839 1991 5895; x_wconf 87' lang='lat' dir='ltr'><strong>lul.</strong></span> 
     </span>
    </p>
   </div>
   <div class='ocr_carea' id='block_1_24' title="bbox 320 5919 1731 6098">
    <p class='ocr_par' dir='ltr' id='par_1_25' title="bbox 320 5919 1731 6098">
     <span class='ocr_line' id='line_1_59' title="bbox 423 5919 1731 5996; baseline -0.026 12"><span class='ocrx_word' id='word_1_578' title='bbox 423 5927 447 5980; x_wconf 71' lang='lat'><strong>‘³</strong></span> <span class='ocrx_word' id='word_1_579' title='bbox 484 5920 586 5982; x_wconf 59' lang='lat'><strong>“⁸⁴¹²&#39;&#39;</strong></span> <span class='ocrx_word' id='word_1_580' title='bbox 599 5919 670 5962; x_wconf 52' lang='grc' dir='ltr'><strong>Μ’·</strong></span> <span class='ocrx_word' id='word_1_581' title='bbox 1396 5920 1429 5992; x_wconf 70' lang='lat' dir='ltr'><strong>s)</strong></span> <span class='ocrx_word' id='word_1_582' title='bbox 1450 5923 1512 5978; x_wconf 73' lang='lat' dir='ltr'><strong>via.</strong></span> <span class='ocrx_word' id='word_1_583' title='bbox 1525 5942 1567 5996; x_wconf 70' lang='lat' dir='ltr'><strong>ep.</strong></span> <span class='ocrx_word' id='word_1_584' title='bbox 1581 5921 1607 5978; x_wconf 78' lang='lat' dir='ltr'><strong>a.</strong></span> <span class='ocrx_word' id='word_1_585' title='bbox 1622 5923 1647 5976; x_wconf 89' lang='lat'><strong>1.</strong></span> <span class='ocrx_word' id='word_1_586' title='bbox 1661 5924 1731 5996; x_wconf 68' lang='lat' dir='ltr'><strong>nug,</strong></span> 
     </span>
     <span class='ocr_line' id='line_1_60' title="bbox 320 6017 1581 6098; baseline -0.033 1"><span class='ocrx_word' id='word_1_587' title='bbox 320 6031 501 6098; x_wconf 74' lang='lat' dir='ltr'><strong>biscaran.</strong></span> <span class='ocrx_word' id='word_1_588' title='bbox 530 6025 634 6093; x_wconf 78' lang='lat' dir='ltr'><strong>Oeen.</strong></span> <span class='ocrx_word' id='word_1_589' title='bbox 686 6019 769 6086; x_wconf 88' lang='lat' dir='ltr'><strong>Vor..</strong></span> <span class='ocrx_word' id='word_1_590' title='bbox 796 6017 839 6086; x_wconf 85' lang='lat' dir='ltr'><strong>V.</strong></span> <span class='ocrx_word' id='word_1_591' title='bbox 1066 6069 1069 6074; x_wconf 25' lang='lat'><strong>⁴</strong></span> <span class='ocrx_word' id='word_1_592' title='bbox 1532 6023 1581 6098; x_wconf 69' lang='lat'><strong>51</strong></span> 
     </span>
    </p>
   </div>
   <div class='ocr_carea' id='block_1_25' title="bbox 318 5831 542 5850">
    <p class='ocr_par' dir='ltr' id='par_1_26' title="bbox 318 5831 542 5850">
     <span class='ocr_line' id='line_1_61' title="bbox 318 5831 542 5850; baseline -0.009 -12"><span class='ocrx_word' id='word_1_593' title='bbox 318 5831 542 5850; x_wconf 75' lang='lat'><strong>,„........-.</strong></span> 
     </span>
    </p>
   </div>
   <div class='ocr_carea' id='block_1_26' title="bbox 0 0 2678 6916">
    <p class='ocr_par' dir='ltr' id='par_1_27' title="bbox 0 0 2678 6916">
     <span class='ocr_line' id='line_1_62' title="bbox 0 0 2678 6916; baseline 0 0"><span class='ocrx_word' id='word_1_594' title='bbox 0 0 2678 6916; x_wconf 95' lang='lat' dir='ltr'><strong> </strong></span> 
     </span>
    </p>
   </div>
  </div>
 </body>
</html>
