5325 6917
428 717 504 791 819
1011 710 1449 787 EPISTOLARUM
1506 712 1613 790 LlB.
1639 713 1703 785 lx.
1756 710 1889 790 1545.
2417 705 2486 780 820

433 894 550 987 aliqua
567 904 706 961 aeterna
721 900 838 957 mente
853 883 1129 958 architectatrice
1144 888 1322 958 conditam
1339 908 1423 954 esse.
1469 909 1525 965 eas
1549 887 1652 955 valde
1681 885 1870 978 temperari
1900 897 2069 976 potestate
2099 883 2301 963 siderum,
2346 891 2391 947 ut
2419 881 2483 949 nati

434 995 475 1065 ld
495 994 685 1063 clarissime
707 991 859 1060 ostendit
883 985 940 1057 hic
964 990 1038 1079 ipse
1061 993 1149 1060 ordo
1164 1004 1324 1059 motuum
1343 1011 1423 1078 per·
1469 989 1576 1080 panlo
1603 1004 1683 1059 ante
1705 988 2013 1069 coniunctionem,
2047 1010 2129 1055 cum
2153 986 2252 1070 luna
2280 982 2361 1048 iam
2385 980 2482 1050 radiis

436 1109 717 1188 petuussnmma
735 1105 809 1162 arte
826 1090 1025 1176 institutum
1060 1118 1142 1162 narn
1159 1116 1240 1162 casu
1255 1104 1334 1159 orta
1349 1112 1424 1157 non
1470 1090 1555 1159 solis
1570 1090 1717 1179 tegitur,
1740 1091 1844 1177 longe
1861 1103 1944 1159 sunt
1961 1088 2219 1157 imbecilliores
2239 1083 2344 1154 aliis.
2395 1080 2480 1153 Rur-

436 1200 600 1267 feruntnr
620 1194 722 1261 certis
746 1205 780 1262 ct
804 1192 956 1261 aeternis
978 1194 1132 1283 legibus,
1165 1207 1199 1262 et
1231 1193 1358 1261 ordine
1379 1191 1423 1258 ad
1471 1214 1530 1260 sus
1552 1184 1608 1274 hi,
1642 1191 1771 1282 quibus
1802 1191 1938 1277 fulgent
1966 1212 2111 1278 magnae
2143 1185 2314 1258 Saturni
2340 1197 2380 1254 et
2400 1181 2479 1254 lovis

438 1301 530 1367 vitae
553 1296 739 1365 utilitatem
762 1295 1023 1364 accommodato
1051 1320 1090 1363 ac
1116 1309 1296 1383 perpetuo.
1346 1290 1425 1360 lloc
1472 1291 1756 1375 coniunctiones,
1795 1292 1922 1360 crasim
1959 1292 2064 1380 longe
2091 1284 2241 1357 habent
2279 1286 2477 1360 feliciorem.

438 1399 625 1467 mirificum
653 1396 889 1485 spectaculum
925 1395 1004 1465 ideo
1030 1396 1249 1487 propositum
1281 1406 1333 1461 est
1359 1387 1426 1461 ho-
1472 1392 1543 1463 Sed
1574 1393 1719 1481 longum
1752 1406 1840 1461 esset
1862 1393 2019 1482 exempla
2042 1389 2235 1481 persequi3
2274 1411 2375 1480 quae
2406 1399 2501 1457 con-⁸

439 1500 576 1568 minum
601 1497 794 1578 mentibus,
814 1508 854 1565 nt
871 1496 994 1564 dedeo
1018 1522 1084 1565 nos
1101 1492 1426 1574 commonefaceret,
1472 1516 1596 1582 gruere
1612 1494 1762 1577 videbit,
1788 1493 1990 1585 quicunque
2005 1492 2164 1583 aspicere
2180 1514 2228 1559 ea
2248 1489 2364 1557 volet.
2508 1573 2509 1578 ἵ

439 1625 543 1693 quem
561 1599 607 1665 ita
626 1622 733 1688 propo
756 1610 946 1679 monstrat,
972 1611 1012 1667 ut
1028 1598 1160 1668 Paulus
1177 1598 1288 1675 dicat,
1315 1618 1427 1685 paene
1573 1590 1698 1663 Deliis
1715 1595 1913 1679 effectibus,
1935 1596 1970 1662 id
1988 1608 2040 1662 est
2054 1591 2366 1683 temperamentis
2384 1589 2473 1660 etin·
2507 1585 2509 1598 '

437 1701 603 1771 manibus
618 1698 827 1768 contrectari
852 1700 958 1765 doum
980 1723 1101 1789 posse,
1126 1700 1369 1767 ostendentem
1391 1718 1427 1763 se
1474 1694 1746 1779 minationibus,
1790 1720 1879 1788 quae
1926 1695 2143 1764 comitantur
2186 1705 2472 1783 temperamenta,

439 1802 544 1871 nobis
560 1801 597 1867 in
617 1795 684 1868 lroc
700 1822 762 1866 suo
780 1798 930 1887 opificio.
1474 1796 1673 1888 loquimnr3
1690 1820 1763 1864 non
1778 1798 1962 1865 referimus
1975 1799 2017 1866 ad
2036 1796 2150 1864 sidera
2167 1816 2310 1863 omnes
2326 1794 2472 1862 omniun

540 1899 743 1981 Postremo,
773 1899 980 1987 dignitatem
1001 1899 1182 1967 doctrinae
1207 1900 1251 1966 de
1272 1900 1428 1968 motibus
1476 1891 1662 1965 hominnm
1685 1899 1841 1966 actiones
1863 1912 1898 1967 et
1924 1912 2079 1969 eventus.
2130 1894 2183 1966 Ut
2210 1894 2333 1984 igitur
2346 1895 2391 1961 ‘in
2410 1918 2471 1964 ma

441 2029 481 2074 eo
502 2003 671 2070 maiorem
693 2023 766 2068 esse
782 2002 949 2085 sciamus,
970 2000 1053 2090 quia
1073 2001 1202 2068 multas
1228 2002 1313 2069 alias
1337 2012 1428 2069 artes
1475 1999 1552 2065 dica
1567 2011 1692 2066 artcex
1713 1999 1914 2086 cognitione
1929 2021 2133 2080 cansarum,
2159 1998 2365 2085 signorum
2378 2009 2410 2065 et
2429 1996 2469 2064 ef·

440 2102 702 2193 complectitur,
739 2115 772 2169 et
795 2102 875 2169 fons
898 2114 950 2170 est
972 2096 1221 2192 geographiae,
1242 2128 1310 2195 qua
1336 2111 1429 2170 certe
1475 2100 1627 2167 fectumn
1645 2124 1700 2167 ars
1715 2101 1829 2170 extitit
1842 2114 1918 2170 tum
1935 2099 2237 2182 iudicandi,tum
2255 2097 2468 2187 praedicendi

441 2206 568 2274 invita
584 2226 701 2271 carere
720 2226 793 2271 non
812 2226 1007 2293 possumus,
1476 2200 1605 2268 multas
1637 2224 1824 2291 corporum
1859 2200 2086 2278 mutationes,
2130 2212 2166 2268 et
2203 2223 2252 2267 ea
2288 2198 2467 2290 praedictio

540 2305 609 2376 Sed
627 2304 729 2372 venio
754 2305 797 2371 ad
816 2305 1079 2396 divinatricem,
1104 2328 1210 2396 qnam
1236 2297 1340 2369 multi
1362 2295 1428 2367 ho-
1476 2296 1618 2392 physica
1633 2325 1689 2369 res
1706 2326 1869 2371 concessa
1892 2314 1961 2380 est,
1988 2315 2019 2370 et
2038 2302 2154 2369 aliena
2171 2324 2194 2369 a
2211 2301 2470 2391 superstitione,

440 2409 554 2477 mines
570 2405 664 2474 docti
678 2405 815 2493 magnis
831 2405 1071 2475 voluminibus
1085 2404 1246 2475 insectati
1261 2413 1355 2468 sunt.
1476 2401 1560 2493 qnia
1584 2416 1635 2470 est
1660 2404 1811 2492 aspectio
1842 2403 2046 2472 divinornm
2070 2425 2253 2492 operum,
2286 2424 2472 2481 causarum,

541 2504 605 2577 Est
618 2507 656 2575 in
671 2508 837 2575 manibus
851 2501 1038 2574 lmminum
1056 2507 1194 2592 farrago
1210 2499 1430 2571 criminatio·
1475 2502 1658 2589 signorum
1675 2504 1927 2573 eteffectuum:
1954 2504 2002 2573 ita
2019 2504 2058 2571 in
2072 2498 2140 2572 hac
2160 2503 2401 2582 divinatrice,
2419 2502 2475 2571 iu·

441 2601 671 2679 nnmal’ico
685 2631 758 2674 non
774 2606 923 2695 scripta,
944 2608 1004 2673 sed
1023 2620 1180 2696 excerpta
1200 2629 1241 2685 er
1258 2601 1429 2671 vetustio·
1476 2602 1615 2672 dicante
1639 2626 1678 2671 ex
1707 2604 1861 2675 siderum
1888 2607 2023 2695 positu,
2056 2627 2207 2689 causae,
2245 2604 2367 2694 signa,
2398 2603 2475 2673 elle-

441 2712 542 2780 ribus
558 2707 837 2788 commentariis,
863 2705 926 2797 qui
948 2708 992 2773 ad
1017 2699 1122 2775 lmius
1138 2703 1359 2774 divinatricis
1374 2725 1431 2769 re-
1476 2716 1553 2772 ctus
1573 2704 1811 2793 aspiciuntur,
1845 2719 1879 2775 et
1907 2702 2034 2775 horum
2064 2707 2318 2777 consideratio
2344 2718 2475 2776 tantum

441 2806 721 2903 prehensionem¹
739 2806 852 2875 multo
877 2818 958 2873 ante
981 2806 1117 2875 collecti
1138 2808 1294 2877 fuerunt.
1354 2801 1430 2871 llos
1477 2821 1527 2875 est
1549 2804 1752 2875 divinorum
1776 2830 1921 2897 operum
1946 2808 2109 2899 aspectio.
2180 2806 2313 2895 Quare
2338 2822 2376 2879 et
2398 2830 2475 2877 con-

440 2913 642 2982 refutarunt
662 2907 757 2975 docti
781 2906 868 2990 viri,
891 2900 1109 2976 Bellantins
1135 2922 1169 2978 et
1187 2908 1248 2975 alii
1267 2906 1429 3000 quidam3
1477 2928 1569 2974 cessa
1591 2921 1643 2976 est
1668 2902 1753 2979 haec
1774 2932 1832 2977 ars
1852 2921 1886 2976 et
1908 2902 2025 2978 aliena
2045 2910 2360 2998 asuperstitione.
2411 2907 2472 2980 set

442 3027 476 3084 et
490 3011 621 3080 multae
636 3009 730 3076 leves
744 3022 777 3106 et
793 3008 932 3076 ieiunae
948 3009 1187 3077 cavillationes
1200 3007 1430 3089 obiiciantur,
1476 3031 1550 3075 non
1581 3030 1767 3095 evagemur
1791 3022 1886 3079 extra
1916 3024 2042 3089 metas,
2074 3032 2152 3078 non
2177 3010 2409 3079 affirmemus
2431 3031 2474 3090 ea,

440 3137 591 3209 quarum
606 3110 768 3199 repetitio
787 3110 911 3197 longa,
937 3123 971 3178 et
991 3111 1157 3179 refutatio
1175 3134 1248 3179 non
1271 3130 1430 3178 necessa·
1476 3132 1565 3200 quae
1587 3122 1795 3199 apotestate
1816 3123 1991 3181 astrorum
2007 3134 2083 3180 non
2100 3110 2303 3197 oriuntur,
2330 3136 2397 3181 nec
2414 3110 2474 3178 mi-

440 3217 493 3285 ria
511 3228 571 3284 est.
621 3210 817 3280 Prudentes
833 3210 1015 3279 verissimo
1033 3203 1175 3279 Galem'
1195 3210 1327 3279 iudicio
1344 3232 1431 3277 con·
1475 3232 1631 3277 sceamus
1650 3215 1761 3280 sortes
1785 3226 1818 3282 et
1839 3212 1901 3281 illa
1925 3234 2052 3302 genera
2067 3211 2376 3295 divinationum,
2395 3233 2475 3305 qnae

441 3315 531 3384 tenti
546 3313 636 3391 sint,
660 3311 722 3400 qni
743 3314 786 3380 de
802 3312 887 3400 ipsis
908 3325 1084 3380 astrorum
1106 3312 1350 3381 effectionibus
1372 3310 1429 3376 in·
1475 3324 1576 3379 vocat
1592 3308 1813 3383 Ptolemaeus
1832 3307 2131 3411 ἆναιτιολογητᾶ.

442 3412 537 3507 quit:
556 3404 784 3500 sophisticum
801 3426 852 3480 est
867 3413 1073 3482 manifestae
1089 3412 1323 3504 experientiae
1338 3410 1428 3478 velle
1576 3409 1768 3505 Postquam
1795 3428 1912 3484 autem
1944 3416 2077 3485 dictum
2100 3427 2174 3499 est,
2210 3428 2473 3508 temperamen-

442 3511 691 3583 contradicere.
742 3506 855 3578 Addit
873 3525 1007 3592 autem,
1031 3537 1104 3582 esse
1119 3514 1255 3607 aliquas
1271 3514 1428 3581 siderum
1475 3523 1549 3579 tum
1566 3524 1600 3580 et
1616 3512 1865 3586 inclinationes
1880 3518 1925 3585 ab
1942 3518 2045 3586 astris
2061 3516 2172 3600 oriri,
2191 3516 2271 3587 iam
2290 3520 2475 3608 prudentes

442 3640 481 3685 ac
502 3611 648 3683 luminis
663 3610 880 3690 effectiones,
907 3612 945 3679 in
970 3613 1150 3683 elementis
1173 3630 1207 3685 et
1220 3614 1428 3704 corporibus
1474 3612 1638 3702 cogitent,
1653 3640 1816 3704 magnam
1832 3616 1975 3710 quidem
1990 3632 2123 3709 partem
2142 3612 2238 3687 haec
2252 3619 2358 3690 initia
2370 3621 2475 3688 actio-

441 3716 581 3795 mixtis,
598 3712 728 3805 plantis
745 3726 779 3781 et
794 3714 1031 3783 animantibus
1044 3715 1227 3785 manifesta
1247 3715 1429 3806 experien·
1474 3737 1561 3781 num
1577 3714 1754 3801 comitari;
1782 3732 1822 3788 ut
1836 3718 1983 3787 dicitur:
2010 3727 2169 3787 naturae
2181 3719 2360 3816 sequitur
2371 3716 2472 3789 semi·

440 3819 490 3890 tia
506 3827 723 3905 compertum
742 3829 803 3886 est.
835 3812 883 3883 Ut
898 3814 1027 3883 scimus
1043 3815 1160 3902 ignem
1176 3817 1328 3884 calidum
1345 3838 1429 3897 esse,
1475 3837 1525 3881 no
1546 3810 1698 3912 quisque
1719 3842 1822 3890 snae.
1882 3817 1953 3888 Sed
1984 3833 2102 3890 tamen
2131 3845 2216 3891 cum
2239 3822 2314 3890 sint
2336 3835 2473 3892 tantum

441 3943 569 4011 aquam
592 3912 775 3984 humidam
799 3911 867 4011 (sic
884 3915 978 3982 enim
994 3915 1121 4006 loquar
1135 3917 1284 4008 exempli
1296 3911 1426 4009 causa),
1474 3915 1638 4005 partiales
1665 3943 1807 4003 cansae',
1841 3920 1997 3991 actiones
2030 3922 2180 3990 aliunde
2212 3923 2290 4011 regi
2311 3937 2471 4014 possunt.

442 4021 492 4087 sic
506 4018 634 4085 scimus
656 4038 836 4102 corporea
852 4013 935 4084 Sole
952 4016 1121 4099 calefieri,
1149 4016 1285 4087 aLuna
1302 4012 1426 4085 hume·
1476 4013 1526 4084 Ac
1547 4041 1685 4089 necesse
1706 4036 1774 4104 est,
1796 4044 1873 4105 eos,
1897 4023 1959 4115 qni
1975 4023 2162 4113 disciplina
2179 4025 2343 4116 quadam
2359 4046 2470 4113 regere

441 4119 548 4200 ctari,
580 4114 726 4185 Saturni
751 4129 786 4184 et
806 4114 934 4184 Martis
955 4118 1239 4187 coniunctionem
1263 4119 1302 4185 in
1325 4118 1428 4186 leone
1474 4117 1582 4185 vitam
1605 4134 1638 4191 et
1663 4145 1778 4192 mores
1801 4124 1949 4209 volunt,
1976 4125 2065 4193 scire
2084 4124 2249 4215 triplices
2267 4148 2344 4194 esse
2360 4127 2469 4195 diver·

441 4233 556 4290 aestus
579 4231 613 4286 et
633 4216 804 4285 siccitates
822 4219 954 4301 facere,
978 4215 1101 4287 Lunae
1115 4232 1150 4289 et
1166 4217 1259 4288 lovis
1276 4219 1427 4288 coniun-
1473 4217 1626 4287 sissimas
1650 4226 1828 4294 actionum
1852 4219 2088 4306 humanarum
2114 4248 2255 4295 causas.
2311 4224 2468 4298 Usitatis-

329 4373 335 4382 -
442 4323 594 4393 ctionem
610 4341 736 4386 cancro
750 4341 877 4407 augere
890 4312 1069 4392 humores.
1473 4316 1559 4386 sima
1578 4333 1628 4389 est
1643 4326 1826 4412 voluntas,
1851 4351 1940 4418 quae
1963 4340 2024 4396 aut
2043 4326 2258 4412 assentitur,
2285 4342 2350 4397 aut
2371 4325 2465 4419 repu-

542 4419 726 4489 Haeccum
737 4433 903 4510 perpetua
913 4420 1124 4510 experientia
1140 4421 1255 4511 palam
1271 4433 1428 4506 testetur,
1474 4432 1556 4508 gnat
1583 4430 1889 4514 temperamentis,
1923 4442 1964 4497 ut
1991 4425 2030 4498 C.
2052 4425 2182 4497 Cacsar
2202 4445 2388 4519 repugnat
2404 4430 2463 4498 ira-

443 4547 516 4592 non
532 4523 640 4590 dubia
656 4534 758 4601 sunt,
783 4521 850 4589 nisi
865 4520 944 4613 quis
958 4516 1166 4611 sophistice,
1190 4522 1427 4610 utllnaxago-
1474 4521 1644 4608 cundiae,
1679 4554 1759 4599 cum
1794 4532 1904 4606 victos
1936 4529 2113 4621 principes
2148 4529 2186 4596 in
2223 4530 2385 4621 patriam
2414 4552 2462 4598 re·

443 4645 517 4706 ras,
543 4623 722 4712 disputare
737 4622 841 4706 velit,
866 4621 985 4690 nivem
1001 4636 1111 4692 atram
1130 4645 1213 4697 esse.
1254 4619 1346 4692 Cum
1362 4624 1428 4712 igi·
1474 4636 1585 4697 vocat.

443 4736 502 4793 tur
530 4722 603 4790 sint
633 4719 771 4811 aliquae
798 4723 1001 4793 effectiones
1037 4738 1212 4794 astrorum
1244 4738 1278 4793 et
1306 4748 1426 4793 earum
1573 4720 1654 4793 Alia
1675 4748 1778 4795 causa
1800 4729 2006 4823 principalis
2031 4744 2082 4802 est
2106 4731 2211 4814 deus,
2238 4746 2284 4802 ut
2307 4757 2389 4802 cnm
2411 4754 2461 4801 ac·

445 4820 704 4894 animadversio
730 4835 841 4889 artem
870 4826 1061 4914 pepererit,
1089 4850 1163 4895 non
1188 4827 1331 4895 inanem
1356 4849 1428 4894 esse
1475 4824 1638 4893 cenditur
1654 4821 1788 4913 David,
1814 4844 1854 4900 ut
1869 4834 2063 4922 proelietur
2080 4856 2159 4901 cum
2169 4828 2339 4907 Goliath.
2375 4829 2461 4902 Haec

444 4922 536 4995 hanc
551 4919 794 4993 divinatricem
816 4940 1029 5000 necesseest.
1080 4925 1151 4997 Sed
1167 4941 1277 4997 metae
1296 4927 1428 4996 consti·
1475 4924 1564 4993 actio
1589 4940 1624 4996 et
1644 4926 1792 5014 similes,
1818 4935 1938 5024 quales
1955 4949 2038 5005 sunt
2053 4933 2194 5027 piorum
2210 4936 2372 5020 multae,
2395 4955 2459 5002 non

444 5040 590 5097 tuantur
604 5025 673 5093 iam
690 5036 826 5093 antean
843 5021 1042 5094 Ptolemaeo
1060 5030 1303 5119 praescriptae.
1474 5025 1613 5095 cientur
1630 5029 1810 5099 stellarum
1834 5034 1971 5105 viribus
1994 5050 2054 5105 aut
2069 5035 2382 5123 temperamentis,
2405 5033 2458 5103 sed

542 5124 681 5195 Lumen
695 5118 838 5193 advehit
853 5122 1035 5216 qualitates
1056 5126 1187 5216 primas
1204 5142 1238 5197 et
1254 5127 1428 5217 proximas
1474 5141 1558 5196 sunt
1579 5143 1696 5199 motus
1718 5132 1853 5218 divini,
1878 5161 1968 5228 qnos
1989 5138 2067 5207 ideo
2091 5136 2286 5225 diligenter
2305 5137 2460 5207 conside-

444 5252 486 5297 er
506 5223 562 5294 his
586 5240 680 5294 ortas
703 5225 742 5293 in
763 5226 830 5295 alia
850 5249 1008 5316 corpora.
1067 5224 1122 5296 De
1144 5234 1224 5297 ae're
1247 5223 1303 5296 his
1325 5230 1427 5298 annis
1474 5229 1546 5299 rari
1569 5233 1730 5321 prodest,
1763 5246 1805 5303 ut
1824 5258 1890 5306 nos
1914 5237 2183 5308 assuefaciamus
2203 5240 2254 5307 ad
2278 5239 2458 5330 petendam

442 5327 565 5399 multis
587 5327 777 5396 certissima
801 5327 1002 5397 testimonia
1025 5328 1197 5414 vidimus,
1229 5353 1318 5423 quae
1342 5354 1427 5398 con·
1474 5355 1494 5399 a
1527 5332 1592 5401 deo
1625 5334 1929 5421 gubernationem.
1986 5337 2125 5409 Multae
2153 5352 2241 5409 snut
2266 5363 2398 5432 pravae
2425 5337 2458 5407 in

442 5429 641 5500 iunctiones
655 5440 688 5495 et
703 5428 846 5519 eclipses
863 5441 1037 5514 aestuum,
1069 5454 1159 5522 quae
1174 5425 1428 5501 humiditatum
1474 5432 1642 5502 omnibus
1664 5435 1931 5525 inclinationes,
1954 5455 2005 5526 et,
2029 5454 2071 5510 ut
2090 5439 2164 5509 sint
2184 5441 2324 5526 bonae,
2350 5456 2458 5512 tamen

441 5553 649 5621 magnarum
680 5551 781 5598 causa
815 5530 960 5603 fuerint.
1025 5528 1096 5599 Sed
1129 5532 1173 5599 de
1198 5525 1345 5600 homine
1372 5532 1429 5601 di·
1473 5556 1600 5622 magna
1617 5549 1668 5605 est
1684 5530 1871 5607 hominnm
1886 5541 2138 5627 infirmitas,et
2153 5564 2316 5629 errores,
2337 5569 2379 5615 ac
2389 5538 2456 5614 hat

441 5654 572 5706 camus.
1473 5633 1707 5706 lucinationes
1721 5631 1906 5727 plurimae.
1949 5641 2070 5733 Quare
2086 5668 2176 5735 opus
2192 5656 2249 5713 est
2263 5645 2392 5717 divina
2402 5667 2457 5734 gu-

541 5725 914 5803 Crasesbumanorum
928 5754 1137 5823 corporum,
1162 5733 1227 5803 etsi
1239 5733 1352 5804 multa
1366 5757 1428 5806 su·
1472 5734 1698 5821 bernatione‚
1724 5752 1764 5808 ut
1783 5739 1822 5807 in
1842 5744 1988 5832 psalmis
2008 5746 2159 5816 subinde
2182 5745 2339 5818 dicitur:
2387 5743 2458 5819 Dt-

438 5848 543 5909 munt
564 5858 586 5903 a
611 5830 755 5905 materia
777 5855 840 5902 sen
864 5831 1057 5918 asemine,
1081 5847 1199 5904 tamen
1213 5849 1349 5906 certum
1366 5850 1427 5924 est,
1460 5829 1543 5916 ,duc
1563 5857 1634 5918 me,
1661 5832 1826 5929 domine,
1849 5840 1891 5913 io
1912 5844 1974 5917 via
1997 5853 2100 5921 toa,
2128 5841 2274 5944 Estque
2298 5847 2461 5943 sapientia
