5325 6917
241 764 338 830 uu
837 660 1110 741 eunucus
1143 662 1326 738 vrnrn
1360 660 1494 742 Mur.
1520 665 1522 668 ·
1548 660 1682 741 1545.
2112 623 2122 631 ’
2204 623 2283 735 'xm
2322 707 2329 720 ,

279 784 297 827 8
2186 793 2190 797 ,

260 868 318 928 12,
373 844 480 908 Alesia
496 844 589 911 Scoto
605 849 708 909 scribit
721 849 881 910 sententias
894 849 928 909 in
942 869 1031 909 usum
1045 850 1183 930 publicae
1197 848 1421 931 disputationis.

263 978 324 1046 Μ.
375 978 505 1045 Comitia
521 978 713 1044 Wormatiae
726 982 828 1044 habita
839 982 1032 1046 inchoantur.
1082 980 1183 1043 Finita
1198 982 1227 1043 d.
1243 980 1276 1046 4.
1291 977 1376 1063 Aug.

267 1117 325 1181 28·
373 1112 526 1178 Pomanus
540 1116 578 1176 ad
590 1114 760 1178 Electorem
776 1122 809 1176 in
824 1114 935 1177 Tabul.
952 1114 1087 1181 Wimar.
1103 1112 1237 1197 Registr.
1253 1114 1295 1181 H.
1310 1139 1341 1198 p.
1362 1120 1469 1182 603·:
1504 1110 1591 1197 „30
1607 1108 1721 1192 tttboff
1734 1104 2003 1193 ffliug.⁵biyiiippttss
2019 1103 2070 1187 itii
2085 1103 2278 1191 btunifttiifl

424 1216 831 1386 prba‘rttartrlrt:ppt‘pprmttttrbrespu²
846 1216 894 1284 tut
913 1215 1078 1296 tatrioitde
1102 1218 1152 1285 tar
1169 1216 1282 1287 staron
1303 1235 1342 1286 an
1356 1214 1433 1296 ituit.
1452 1210 1616 1297 biristet,
1650 1212 1747 1279 tamir
1768 1211 1812 1279 tit
1835 1210 1969 1291 δεδαῶτε
1992 1207 2203 1287 bistatmctton
2228 1207 2279 1291 tall

374 1451 527 1536 Theologi
539 1452 785 1535 Witebergenses
800 1456 933 1514 scribunt
951 1475 1035 1514 suam
1052 1459 1230 1514 seutentiam
1245 1453 1281 1515 de
1296 1451 1501 1515 continuando
1517 1464 1547 1512 et
1561 1451 1749 1513 extendendo
1765 1450 1886 1512 foedere
1901 1445 2155 1512 Schmalcaldicc.

236 1575 332 1658 April
1026 1539 1032 1544 ι

293 1689 327 1747 2.
375 1680 518 1764 Explicat
532 1683 665 1746 dictum:
695 1687 785 1744 multi
800 1694 871 1744 sunt
882 1687 1001 1762 vocati,
1029 1684 1118 1763 pauci
1132 1685 1229 1742 electi.
1359 1772 1364 1778 Ι

270 1815 327 1879 16.
375 1814 539 1899 Philippus
555 1811 688 1898 Landgr.
704 1817 864 1897 respondet
878 1817 917 1876 ad
932 1820 1047 1877 monita
1061 1814 1342 1896 Witebergensium
1355 1812 1457 1873 desua
1474 1832 1596 1874 censura
1615 1810 1853 1875 Reformationis
1867 1810 1989 1877 Witeb.

267 1950 324 2010 17.
374 1946 449 2011 Mel.
464 1950 614 2012 iudicium
630 1950 667 2009 de
682 1952 720 2010 iis
737 1952 791 2031 qui
806 1954 907 2011 virere
922 1962 1071 2029 cogrmtur
1088 1953 1166 2010 iuter
1177 1947 1320 2031 I'apistas.

265 2077 329 2144 24.
376 2080 532 2146 Sententia
544 2082 619 2145 Mel.
635 2081 672 2142 da
686 2086 797 2162 scripto
812 2082 944 2180 quodam
959 2081 1183 2155 Turiceusium‚
1208 2115 1260 2128 —
1291 2077 1366 2146 Vid.
1381 2082 1466 2161 epist.
1480 2075 1628 2141 Electoris
1643 2080 1681 2141 ad
1698 2077 1867 2144 Pontanum
1883 2103 1918 2144 ea
1932 2082 1969 2142 de
1984 2082 2058 2146 red.
2077 2083 2138 2150 26.
2155 2073 2235 2159 Apr.

265 2215 328 2278 28.
376 2214 453 2280 Mel.
466 2212 606 2298 Lipsiam
619 2218 826 2296 proficiscitur
840 2217 878 2277 ad
892 2218 1053 2280 nundinas.

251 2338 331 2512 Maii
377 2445 456 2512 (1.6.
476 2447 525 2505 vet
545 2448 578 2512 6.
599 2440 675 2505 Maii
688 2441 872 2518 Melanthon
889 2404 968 2509 redit
984 2446 1123 2508 domum.

272 2582 329 2646 18.
376 2575 496 2660 Torgaa
514 2590 559 2638 est
572 2580 606 2637 in
621 2581 691 2638 aula
704 2575 861 2639 Eiectoris.

375 2708 490 2774 Iterum
508 2722 617 2772 erarrat
633 2717 768 2792 primum
781 2714 894 2774 librum
907 2709 1088 2774 Ethicorum
1103 2709 1287 2774 Aristotelia.

266 2835 325 2898 31·
378 2843 492 2910 Scribit
509 2847 548 2908 ad
563 2842 719 2923 Venetos,
745 2822 940 2928 potissimum
953 2847 990 2909 de
1007 2868 1100 2909 coena
1114 2870 1159 2925 a,
1186 2868 1262 2930 quaa
1275 2857 1376 2907 autam
1392 2848 1520 2925 epistola
1535 2849 1637 2929 periit.

261 2954 331 3022 lun.
1156 3031 1159 3038 ¹

290 3063 326 3129 6.
378 3071 534 3135 Praefatur
549 3076 583 3134 in
599 3068 729 3134 Lutheri
745 3078 964 3138 enarrationem
975 3076 1094 3140 Hoseaa
1107 3101 1124 3140 a
1138 3076 1215 3141 Viro
1230 3076 1352 3141 Theod.
1368 3076 1491 3137 editam.

227 3178 233 3184 ’
268 3198 332 3261 18·
382 3200 510 3287 Georgii
525 3202 630 3267 Mohri
647 3210 731 3267 rixae
747 3230 816 3269 cum
828 3208 955 3273 Nicolao
970 3210 1117 3276 Medlero.

257 3357 269 3366 ·
379 3337 547 3403 Pindarum
561 3351 749 3402 enarraturus
765 3346 855 3402 estin
871 3346 983 3407 schola.

263 3455 325 3521 lut.

272 3563 327 3629 16.
379 3562 496 3629 ludicat
510 3567 547 3628 de
563 3564 677 3628 ioanne
696 3565 827 3631 aLasco
843 3583 872 3631 at
887 3574 951 3632 eius
966 3574 1058 3636 libro.
1161 3638 1164 3642 ,

379 3699 518 3763 Exeunte
534 3696 618 3763 Iulio
633 3697 806 3783 Lutherua‚
833 3707 935 3766 animo
950 3710 1031 3768 varie
1045 3724 1234 3786 commotus,
1260 3705 1472 3787 Witebergam
1488 3705 1606 3766 deserit.

379 3833 534 3899 Praefatur
547 3832 620 3903 Mel.
637 3840 670 3898 in
686 3836 853 3920 Augustini
865 3844 978 3903 librum
995 3842 1031 3903 de
1047 3846 1155 3923 spiritu
1171 3854 1200 3904 et
1212 3846 1309 3907 litera.

240 3958 331 4041 Aug.
444 4042 446 4048 ι

298 4070 330 4129 i.
380 4061 510 4127 Aiberto
524 4062 609 4127 Duci
622 4063 719 4129 Prusa.
737 4072 840 4132 scribit
854 4072 892 4132 de
904 4073 1044 4153 gradibus
1059 4073 1248 4134 academicis.

294 4204 331 4265 2.
381 4194 478 4259 Mittit
493 4198 712 4281 praefationem
727 4206 760 4263 in
775 4200 820 4265 lo.
839 4202 987 4267 Schoneri
1002 4210 1195 4289 astrologiam
1209 4207 1246 4266 ad
1260 4201 1328 4267 Vir.
1347 4199 1557 4264 Theodorum.

381 4328 582 4419 Proficiscitur
595 4331 825 4416 Merseburgum
840 4340 878 4400 ad
891 4342 1096 4403 reducendum
1110 4338 1284 4404 Lutherum
1297 4341 1402 4420 ibique
1419 4340 1540 4397 interest
1555 4333 1737 4394 ordinationi
1755 4327 1879 4407 Georgii
1894 4322 2064 4387 Aithfllfiltl·

273 4454 329 4515 17·
382 4460 537 4529 Lutherus
550 4467 628 4530 redit
643 4467 866 4553 Witebergam.

267 4590 327 4650 20·
382 4595 455 4661 Edit
468 4595 607 4682 Lycurgi
623 4608 789 4666 orationem
805 4628 927 4688 graece,
960 4606 1088 4668 dicatam
1102 4599 1241 4669 Nobiiia
1257 4600 1426 4667 cartowitz.

266 4715 328 4786 24.
379 4729 473 4794 Bulla
490 4732 590 4817 Papae
608 4737 645 4796 de
661 4744 791 4801 concilio
806 4739 985 4804 Tridentino
1000 4740 1182 4801 inchoando.

267 4857 327 4920 26·
379 4864 513 4930 Annona
526 4881 571 4932 est
585 4867 792 4955 Witebergaa.

378 4999 519 5065 Exeunte
534 5002 676 5085 Augusto
694 5030 764 5068 cum
777 5006 936 5070 Francirco
950 5004 1128 5070 Barchardo
1144 5012 1313 5090 expatiatur
1326 5008 1359 5065 io
1374 5000 1550 5064 Marcbiam.

252 5113 341 5198 Sept.

267 5219 330 5287 24·
380 5224 516 5292 Monitur
531 5229 788 5317 Archiepiscopus
804 5234 1016 5318 Mogontinus.

380 5359 449 5426 Hoc
463 5387 564 5429 mensa
578 5370 693 5430 bellum
707 5386 810 5434 movet
826 5371 976 5435 Hemicus
991 5368 1227 5433 Brunsviceuais.

256 5486 331 5552 Oct.

296 5601 327 5660 1·
377 5592 457 5659 Cum
472 5596 610 5662 Luthero
626 5605 823 5683 proficiscitur
836 5599 1056 5665 Mansfeldiam.

292 5712 326 5777 6.
375 5712 481 5778 Narrat
496 5720 609 5779 bellum
625 5742 694 5781 curn
711 5720 843 5783 Henrico
858 5720 944 5784 Duce
957 5720 1124 5784 Brunswic.

294 5833 326 5894 6.
374 5828 448 5897 Mel.
468 5848 498 5897 et
508 5831 664 5900 Lutherua
679 5842 804 5903 redeunt
819 5840 1040 5923 Witebergam.
