5325 6917
391 703 483 853 nat·
520 749 522 757 .
1006 680 1280 760 ANNALES
1316 685 1501 762 VITAE
1527 626 1687 767 ΜΕΙ..Ι
1717 691 1849 772 1645.

418 887 476 949 11,
526 860 669 923 Formam
684 857 862 924 Consirtoni
877 860 998 927 Witeb.
1017 869 1191 948 scripserat,
1219 887 1381 949 quaerero
1397 888 1437 928 ex
1452 872 1521 930 aula
1539 871 1614 934 redit
1630 875 1716 935 valde
1733 887 1857 937 mutata.

421 1009 481 1072 16.
530 993 655 1060 Calculo
673 999 799 1059 laborat.

414 1143 475 1205 18.
528 1133 675 1195 Defendit
690 1155 721 1195 se
736 1152 883 1217 suosque,
911 1153 942 1191 se
954 1152 1018 1192 non
1034 1153 1097 1192 esse
1116 1132 1279 1196 desertores
1291 1130 1444 1196 Ecclesiae
1458 1132 1529 1196 Dei.

417 1278 475 1339 21.
529 1266 672 1331 Vincitur
688 1281 717 1328 et
732 1272 847 1348 capitur
863 1264 1011 1331 Hernicus
1025 1262 1196 1329 Brunswio.

418 1406 477 1473 24.
534 1402 783 1484 Witebergenses
799 1404 946 1461 nuncium
962 1403 1113 1481 accipiunt
1130 1400 1166 1461 de
1184 1412 1271 1481 capto
1288 1400 1423 1464 Henrico
1439 1401 1578 1465 Brnnsw.

419 1545 477 1608 29.
528 1535 690 1600 Intercedit
704 1558 759 1618 pro
778 1535 892 1617 oppido
909 1534 1080 1596 Helmstiidt
1094 1535 1174 1615 apud
1189 1538 1326 1596 victores.

419 1682 475 1743 31.
530 1669 677 1753 Magnum
691 1670 866 1732 incendium
880 1665 1008 1731 Gothae.

403 1808 483 1873 Nor.
502 1779 505 1792 ¹

445 1917 477 1978 9.
531 1902 714 1967 Consolatur
730 1898 935 1963 Camerarium
951 1898 987 1958 de
1003 1911 1099 1958 morte
1115 1899 1224 1963 fratris.

531 2038 600 2099 Hoc
618 2058 721 2097 mense
733 2044 849 2095 enarrat
861 2030 1026 2093 Ptolemaei
1043 2028 1314 2113 Quadripertitnm.

389 2178 484 2243 Decb.
2247 2213 2256 2228 ,

450 2289 481 2348 1,
532 2265 686 2329 Promittit
706 2260 783 2323 Viro
808 2259 972 2323 Theodoro
995 2257 1214 2341 praelationem
1237 2265 1269 2319 in
1289 2254 1419 2321 Lutheri
1439 2264 1658 2320 enarrationem
1679 2258 1791 2322 Psalmi
1804 2256 1847 2324 II.
1871 2268 1997 2325 scribere
2019 2278 2050 2327 et
2072 2270 2208 2345 mittere,
2253 2290 2344 2350 quam
2368 2275 2439 2338 vide

584 2363 792 2435 d.25.ll1art.
816 2363 924 2429 1646.

445 2523 479 2585 g,
531 2503 588 2565 His
601 2504 706 2564 diebus
719 2497 916 2576 Witebergae
930 2494 991 2554 init
1007 2490 1152 2556 Albertus
1168 2490 1244 2556 Dux
1257 2495 1404 2558 Prussiae.
1459 2467 1646 2560 Camerarius
1662 2493 1786 2580 Lipsiae
1801 2500 1839 2560 ad
1855 2522 1925 2563 eum
1941 2508 2024 2564 venit
2038 2500 2258 2586 Witebergam.

423 2659 479 2720 13,
529 2633 695 2700 lnehoatur
710 2635 874 2694 concilium
888 2628 1113 2692 Tridentinnm.

532 2776 646 2854 Agitur
662 2771 698 2831 de
713 2765 911 2829 Melanthone
923 2762 1072 2825 mittendo
1086 2762 1123 2823 ad
1139 2746 1329 2846 colloquium
1342 2760 1500 2825 Ratisbon.

532 2906 675 2987 Cruciger
689 2916 789 2964 narrat
802 2898 879 2961 Vito
901 2897 1085 2975 Theodoro,
1113 2918 1174 2981 qno
1190 2900 1292 2957 animo
1308 2900 1347 2958 sit
1362 2894 1534 2976 Lutherus,
1562 2898 1645 2981 qnod
1660 2903 1765 2961 attinet
1780 2898 1817 2960 ad
1831 2900 2000 2964 doctrinam
2015 2903 2052 2964 de
2068 2925 2162 2967 coena
2180 2927 2270 2972 sacra.

422 3061 481 3122 21,
530 3040 731 3106 Proficiscitnr
748 3058 818 3097 cnm
831 3030 969 3096 Lutherc
983 3035 1092 3094 iterum
1110 3029 1341 3112 IlIansfeldiam‚
1378 3054 1551 3117 quanquam
1569 3033 1740 3095 valetudine
1764 3035 1912 3098 laborans.
1936 3067 1989 3085 -
2035 3035 2200 3121 Scripserat
2228 3054 2335 3107 statuta
2349 3044 2438 3111 Acc-

582 3147 697 3207 demiae
712 3139 884 3217 Witeberg.

419 3298 479 3357 23,
531 3281 587 3344 Est
601 3280 706 3340 Halae.
732 3308 781 3321 —
822 3268 940 3331 Statuta
954 3267 1120 3328 academiae
1135 3275 1217 3351 typis
1232 3229 1450 3331 exscribuntur.

419 3429 479 3491 26.
532 3416 588 3479 Est
600 3405 808 3475 Mansieldiae.

533 3550 688 3616 Praefatur
705 3543 765 3604 110⁰
780 3558 858 3599 1111110
874 3541 907 3596 ill
924 3535 1123 3598 Harmoniam
1140 3538 1176 3599 de
1191 3531 1329 3620 passione
1346 3536 1459 3601 Christi
1475 3558 1492 3597 a
1506 3530 1637 3617 Georgia
1654 3532 1753 3598 eraw
1766 3540 1885 3601 editam.
