5325 6917
324 746 401 825 ωδ
904 727 1338 804 aristosannst
1387 728 1493 808 Lln
1519 729 1586 803 ln
1637 731 1769 812 1545.
2310 745 2387 822 864

327 939 448 998 mans,
474 907 566 980 banc
580 905 873 997 significationem
895 905 965 973 mei
981 927 1061 995 erga
1074 918 1111 974 te
1125 903 1236 973 animi
1252 901 1320 973 tibi
1342 909 1349 956 Ι
1366 927 1466 973 mum
1482 905 1636 995 excepit,
1658 907 1857 994 consulere,
1876 912 1922 979 ad
1937 910 2096 1003 Regulos
2108 915 2197 984 eius
2210 915 2387 1004 regionis,

328 1045 402 1092 non
431 1017 605 1104 ingratam
631 1011 719 1078 t'ore.
786 1002 911 1101 ltaque
937 1002 1005 1077 hoc
1032 1009 1109 1099 ipso
1135 1020 1260 1076 autore
1285 1017 1321 1073 ct
1367 1006 1563 1096 expatiatus
1584 1022 1655 1091 est,
1678 1011 1739 1078 sed
1763 1011 1884 1081 alieno
1907 1029 2085 1108 ternpore,
2117 1043 2210 1087 cum
2236 1019 2315 1085 iarn
2335 1020 2388 1090 illi

330 1142 499 1216 sponsore
519 1117 564 1184 de
583 1112 766 1181 voluntate
781 1123 861 1190 tua,
886 1133 992 1179 arnus
1013 1133 1090 1180 sum
1113 1110 1159 1178 ad
1176 1123 1210 1178 te
1233 1108 1321 1176 scri-
1366 1110 1413 1176 ad
1427 1123 1540 1177 castra
1560 1127 1805 1201 properarent.
1856 1112 1919 1184 Me
1939 1140 2058 1189 secum
2077 1121 2272 1204 abduxit,
2299 1134 2387 1191 tarn-

329 1229 432 1306 bm,
458 1245 498 1288 ac
516 1217 618 1284 valde
641 1230 674 1284 te
697 1236 782 1296 oro,
806 1227 847 1282 ut
868 1214 1149 1305 qualemcunque
1165 1235 1321 1279 comme·
1342 1257 1348 1318 Ι
1365 1211 1430 1278 etsi
1455 1213 1502 1279 ad
1525 1226 1560 1282 te
1584 1213 1760 1303 proficisci
1784 1217 1989 1294 malueram.
2038 1221 2118 1292 :Nec
2134 1225 2313 1314 profecto
2329 1250 2380 1294 me

328 1323 563 1398 mutationem
585 1317 652 1384 mei
675 1314 785 1384 studii
803 1316 984 1384 clamoris
1008 1339 1086 1403 erga
1112 1329 1146 1382 te
1167 1316 1202 1382 in
1226 1314 1319 1403 opti·
1342 1313 1593 1412 :deterruisset
1610 1316 1776 1403 cogitatio
1793 1319 2026 1392 mirificorum
2048 1349 2278 1395 sermonum
2295 1327 2380 1396 civi-

328 1453 423 1500 mam
446 1435 579 1515 partem
598 1417 769 1507 accipias,
787 1431 819 1484 et
843 1441 899 1485 me
924 1417 975 1484 tui
994 1418 1192 1485 studiosum
1214 1416 1320 1482 vicis-
1342 1425 1347 1494 ζ
1367 1415 1449 1482 tatis
1463 1428 1616 1499 vestrae,
1637 1443 1728 1509 quae
1746 1413 1814 1488 hoc
1829 1435 1987 1514 ternpore
2008 1429 2110 1496 varia
2135 1431 2317 1517 poemata
2336 1432 2376 1500 de

327 1533 393 1601 sim
410 1521 655 1596 benevolentia
673 1533 731 1587 tua
750 1519 993 1608 complectare.
1045 1516 1239 1609 lleliquum
1258 1532 1321 1599 est,
1365 1516 1461 1585 bello
1476 1511 1675 1610 Lycaonio
1690 1522 1989 1600 comminiscetur.
2023 1528 2242 1600 subiissem
2260 1532 2374 1601 vultus

330 1648 369 1704 ut
393 1630 459 1700 tibi
482 1619 668 1693 ttatomm
690 1621 954 1704 commendem,
979 1645 1047 1712 qua
1071 1621 1182 1707 gratia
1207 1620 1319 1710 ipsea
1364 1623 1443 1688 τῶν
1460 1614 1763 1712 ἐπιχαιραάκων.
1812 1623 2006 1697 Nouenim
2018 1655 2123 1700 nunc
2138 1633 2373 1703 diruicabitur

326 1759 384 1806 me
399 1732 518 1801 literas
534 1723 715 1814 flagitavit.
766 1722 836 1792 Sed
855 1745 917 1810 ego
934 1723 1069 1811 priores
1084 1736 1199 1812 partes
1214 1745 1320 1805 meas,
1364 1721 1409 1787 de
1431 1722 1504 1787 illis
1516 1721 1706 1814 Lycaoniis
1729 1728 1885 1811 exuviis,
1908 1733 1969 1799 sed
1990 1729 2076 1826 :rapi
2099 1729 2372 1815 καταστάσεως

326 1852 367 1909 ut
384 1857 448 1927 per
463 1827 559 1901 bunc
575 1828 690 1919 ipsum
708 1847 765 1892 me
780 1824 844 1892 tibi
868 1825 985 1913 potius
999 1823 1240 1893 commendari
1256 1848 1320 1890 vo-
1365 1817 1525 1894 ciaaaois‘
1543 1823 1746 1917 ἐκκλησιῶν
1753 1878 1767 1911 ,
1795 1829 1833 1896 in
1854 1833 1986 1923 quibus
2005 1849 2202 1929 utcunque
2229 1838 2369 1907 eluctari

329 1936 468 2008 luerim.
519 1929 609 1999 Nam
641 1928 685 1994 de
710 1926 787 2017 ipso
814 1926 935 1994 minus
962 1921 1052 1993 mibi
1083 1925 1318 1994 laborandum
1366 1926 1458 2014 cepit
1473 1950 1515 1994 er
1530 1928 1737 1998 densissima
1751 1931 1903 2019 caligine
1923 1936 2071 2021 veritas,
2098 1936 2149 2009 οὐ
2173 1937 2266 2032 περὶ
2286 1938 2367 2011 tirou

330 2063 403 2111 esse
421 2036 581 2115 videtur,
607 2054 646 2098 ac
664 2052 710 2096 ne
728 2053 819 2120 opus
835 2030 927 2120 apud
952 2042 986 2098 te
1011 2029 1155 2121 quidem
1176 2050 1320 2096 accura-
1367 2030 1488 2111 σκιᾶς,
1523 2024 1616 2098 ἀλλὰ
1638 2027 1810 2124 περὶτῆς
1836 2029 2081 2119 διδασκαλίας
2103 2036 2368 2134 maiesataam,

326 2143 417 2217 tiore
441 2133 748 2206 commendatione
772 2155 856 2199 esse.
914 2129 985 2200 Sed
1011 2144 1127 2198 nmen
1150 2130 1233 2223 quia
1251 2128 1318 2196 ali·
1366 2127 1407 2199 ἐν
1422 2118 1446 2220 ᾗ
1466 2125 1841 2226 ὁθεὸςέᾳανίρωσεν
1858 2132 1977 2211 αὑτοῦ
1999 2137 2192 2235 ἀκίνητον
2214 2137 2368 2241 γνώμην

326 2243 422 2340 quud
446 2234 688 2310 testimonium
712 2233 804 2302 vitae
825 2227 884 2301 bic
906 2246 1003 2302 actae
1031 2233 1170 2301 auferre
1194 2230 1319 2313 voluit,
1365 2228 1449 2323 περὶ
1465 2229 1649 2326 σωτηρίας
1664 2230 1892 2326 ἀνθρώπων.
1944 2241 2078 2337 Meque
2095 2261 2270 2315 sustento
2286 2271 2365 2315 con-

325 2343 394 2417 ltoc
411 2341 479 2434 ipsi
496 2351 537 2409 ut
555 2333 749 2408 honorilice
766 2337 882 2415 detur,
905 2334 1019 2405 virtus
1034 2329 1191 2403 hominis
1205 2355 1319 2401 mere·
1366 2334 1511 2404 scientia
1526 2337 1681 2425 optimae
1703 2339 1915 2425 voluntatis,
1941 2346 2154 2439 quicunque
2172 2363 2283 2418 erunt
2298 2350 2365 2417 exi·

303 2463 399 2520 rtur.
437 2441 551 2514 Erant
567 2435 634 2507 boc
650 2438 785 2529 prolixe
801 2437 1042 2506 contirmaturi
1061 2438 1132 2504 suis
1148 2434 1259 2503 literis
1272 2435 1316 2501 ad
1367 2448 1434 2503 tus.
1487 2434 1599 2526 Spero
1615 2452 1731 2506 atatem
1746 2454 1781 2509 et
1797 2442 1911 2511 exitus
1928 2468 2024 2515 nunc
2039 2449 2200 2540 quidem
2226 2475 2293 2518 non
2312 2463 2361 2518 ts-

324 2546 420 2622 teD.
436 2542 571 2615 Ductor
585 2532 775 2609 Latherus
799 2552 834 2608 et
848 2531 1049 2633 Philippus
1066 2528 1316 2622 Melanthum
1365 2538 1542 2610 tresfore.
1583 2536 1638 2607 De
1654 2536 1710 2608 his
1725 2543 1831 2611 rebus
1844 2544 2001 2639 colloqui
2015 2563 2136 2618 tecum
2156 2576 2361 2621 toramina-

324 2651 385 2722 sed
415 2670 496 2715 casu
521 2643 666 2722 accidit,
692 2653 733 2708 ut
757 2664 854 2708 nnnc
875 2653 1058 2727 cogeretur
1080 2640 1149 2709 iter
1178 2639 1316 2727 ingredi
1364 2638 1440 2712 lim.
1491 2638 1616 2731 Nuper
1636 2666 1716 2712 cnm
1739 2646 1894 2729 adesses,
1917 2650 2051 2719 oblitos
2077 2675 2165 2721 sum
2192 2656 2260 2724 tibi
2284 2656 2364 2724 dare

325 2751 396 2822 illis
421 2745 641 2827 absentibus,
674 2765 753 2810 cum
777 2765 849 2810 una
872 2755 986 2810 essent
1008 2743 1053 2810 ad
1081 2743 1220 2834 aliquot
1242 2741 1319 2809 dies
1364 2741 1442 2809 auri
1459 2743 1539 2831 puri
1555 2768 1703 2813 massam
1720 2761 1859 2826 natam,
1885 2772 1959 2818 non
1975 2766 2135 2838 coctam,
2165 2759 2363 2826 utlortasse

323 2849 516 2943 exspatieti.
569 2844 638 2918 Sed
662 2844 706 2912 de
732 2843 877 2912 illorum
903 2843 1036 2911 iudicio
1059 2843 1201 2913 interim
1225 2837 1315 2910 milti
1339 2822 1344 2940 l
1365 2857 1498 2912 veteres
1514 2842 1692 2941 ἄπεφθον
1707 2847 1886 2933 dixerunt,
1911 2876 1992 2920 cnm
2006 2856 2160 2947 quidem
2182 2862 2265 2927 dare
2278 2882 2364 2927 con-

323 2953 425 3037 testi,
447 2962 488 3021 ut
511 2971 635 3043 spero,
662 2947 801 3031 ceorles,
826 2970 864 3014 ac
879 2937 1066 3014 Ilaloacm
1082 2959 1315 3015 revertentem
1363 2946 1574 3032 stitnissem,
1596 2950 1657 3016 sed
1675 2951 1729 3018 fui
1744 2951 1903 3042 ineptus,
1927 2978 1994 3044 pro
2010 2980 2102 3026 auro
2129 2960 2251 3030 silices
2273 2961 2363 3045 dedi,

323 3059 372 3128 ita
387 3052 554 3144 recipies,
579 3062 620 3120 ut
636 3049 698 3141 qui
716 3073 792 3117 eam
808 3049 1153 3118 commendationem
1168 3047 1317 3117 eximiae
1363 3071 1405 3115 ex
1440 3049 1537 3141 quib.
1572 3050 1665 3137 ignis
1699 3053 1895 3126 excuditur.
1946 3054 2050 3128 Nunc
2084 3052 2361 3154 Lysimachum
2398 3047 2402 3058 ’

323 3154 511 3253 probitatis
545 3179 584 3224 ac
619 3152 748 3235 studii,
782 3150 983 3230 doctrinae,
1016 3152 1173 3242 pietatis,
1207 3173 1315 3242 quam
1363 3150 1480 3234 mitto,
1507 3151 1543 3218 in
1560 3176 1630 3243 quo
1648 3150 1785 3223 Graeca
1799 3169 1850 3225 est
1865 3157 2070 3249 inscriptio,
2095 3166 2264 3237 delector
2278 3166 2361 3233 outi-

323 3261 425 3330 istinc
441 3259 484 3326 ad
503 3279 568 3324 nos
589 3253 727 3336 attulit,
751 3277 826 3322 nen
841 3251 1010 3321 mediocri
1032 3253 1229 3322 accessione
1250 3276 1316 3319 au·
1361 3274 1426 3336 ne,
1451 3277 1530 3322 cum
1548 3247 1616 3322 lroc
1636 3266 1794 3347 tempore
1809 3252 2018 3352 λυσιμάχου
2032 3261 2256 3354 μακεδόνος
2277 3268 2358 3338 ima·

321 3362 423 3432 serit.
477 3353 692 3426 Audivimus
718 3350 901 3424 bominem
932 3367 991 3426 tua
1017 3355 1054 3423 in
1081 3379 1116 3424 se
1144 3353 1313 3423 beneficia
1360 3376 1405 3443 go
1420 3350 1510 3423 mihi
1526 3356 1646 3427 oblata
1662 3371 1724 3431 est.
1774 3356 1874 3429 Bene
1885 3362 1973 3448 vale,
2001 3363 2045 3438 V.
2056 3364 2146 3437 ldus
2165 3365 2315 3442 Octobr.

321 3486 423 3554 saepe
437 3451 695 3552 perhonorifice
710 3468 746 3524 et
763 3480 842 3525 cum
858 3456 994 3547 prolixa
1009 3458 1190 3527 mentione
1204 3455 1314 3546 grati·
2019 3479 2120 3561 phil⁴
2133 3484 2314 3559 Melamh⁴

322 3562 456 3637 tudinis
474 3568 821 3631 commemorantem.
871 3557 991 3645 Quare
1007 3583 1081 3627 non
1099 3559 1313 3643 dubitamus,
1432 3564 1445 3579 '

322 3691 402 3739 etim
420 3687 530 3762 porro
548 3662 652 3730 ctiam
676 3684 741 3752 pro
759 3659 829 3729 tuis
844 3682 924 3749 erga
951 3659 1067 3750 ipsum
1084 3660 1220 3730 meritis
1238 3684 1313 3728 me·
1367 3695 1582 3704 ·-···-----·

321 3792 456 3839 morem
469 3779 503 3836 ct
520 3776 658 3853 gratum
674 3763 760 3847 sore,
784 3784 969 3854 precamur
983 3776 1099 3832 autem
1116 3759 1231 3830 Deum
1248 3787 1313 3853 pa·
1378 3834 1392 3860 γ
1563 3849 1567 3857 Ι

320 3885 410 3942 trem
431 3868 566 3938 domini
583 3865 695 3934 nostri
714 3861 793 3933 lesu
808 3859 962 3948 Christi,
988 3876 1081 3958 utet
1099 3877 1133 3933 te
1152 3867 1196 3933 ad
1212 3864 1312 3932 utili·
1358 3833 1554 3959 Q·

319 3987 427 4044 tatem
442 3968 620 4040 Ecclesiae
636 3989 719 4036 suae
741 3981 855 4036 servet
872 3967 1108 4049 incolumem,
1130 3981 1164 4037 et
1180 3978 1311 4035 vestras
1815 4030 1822 4044 ,

319 4071 494 4145 Ecclesias
508 4081 604 4159 regat
619 4091 658 4138 ac
672 4080 826 4137 tueatur:
854 4069 924 4151 ita,
950 4082 990 4138 ut
1005 4068 1159 4138 vicissim
1175 4092 1194 4136 a
1209 4067 1311 4137 vobis
1762 4024 1928 4108 Eidem.

319 4191 400 4246 vota
419 4200 483 4268 pru
506 4170 701 4242 nobissteri
718 4168 857 4242 scimus.
909 4167 1007 4240 Bene
1029 4171 1119 4239 vale.
1169 4169 1311 4240 Witte-
1428 4177 1513 4251 Epist.
1526 4180 1561 4234 ad
1575 4179 1715 4237 Canon.
1729 4181 1818 4255 pstt
1833 4201 1874 4254 sq.
1889 4184 2047 4253 (ed.1.ond.
2064 4187 2115 4244 tv.
2137 4210 2182 4265 ‘t’-
2196 4194 2274 4258 aaa),

318 4281 445 4370 bergas
461 4276 519 4346 die
535 4329 544 4350 .
560 4326 569 4344 .
586 4328 595 4349 .
612 4327 621 4348 .
639 4268 809 4344 Octobris
828 4268 938 4346 1545.

931 4370 1259 4466 Casparcfflciger·
1358 4327 2351 4451 Clariss.viroetexcellentieirtntaatcruditioneprae-

1386 4434 1464 4507 dito
1485 4434 1513 4507 I
1519 4463 1571 4509 oa
1582 4436 1632 4510 ab
1644 4439 1700 4510 im
1712 4468 1733 4513 o
1751 4432 1872 4516 Cam.
1885 4438 1977 4521 Pab.
1991 4450 2198 4525 amt'cosuo
2211 4457 2332 4528 cariss

322 4589 362 4602 .-
371 4589 482 4602 .—·-.·
493 4591 508 4598 ιιι
539 4592 541 4596 v
613 4590 617 4597 -

728 4590 759 4596 --
797 4589 944 4598 -··--··-
958 4587 1307 4598 --··-··”
1360 4550 1406 4641 S·
1429 4573 1474 4649 D.
1521 4571 1619 4650 odat
1641 4575 1788 4672 θερμὸν
1807 4577 1913 4677 ὕδωρ
1936 4577 2095 4662 τοσόνδε
2117 4586 2246 4685 τεύχει
2267 4600 2348 4689 μαλ-

385 4705 689 4808 (Mclantbon
718 4705 839 4782 redit
872 4704 1249 4806 Wittebergam.)
1361 4673 1467 4801 29³3&
1480 4680 1583 4799 yvia,
1599 4678 1701 4799 ‚ml
1717 4676 1928 4779 Πίνδαρον,
1951 4681 2002 4767 ὣς
2015 4682 2112 4773 δόξα
2127 4700 2232 4768 ποιεῖ
2246 4693 2349 4774 πόνον

1360 4775 1469 4873 qdvv.
1522 4781 1581 4854 Src
1597 4784 1670 4858 rlle.
1720 4781 1798 4874 Ego
1815 4809 1916 4871 vero,
1944 4790 2008 4860 etsi
2019 4795 2153 4867 multis
2170 4804 2286 4871 saevis
2299 4827 2350 4873 cu-

1361 4884 1410 4950 ris
1425 4885 1623 4970 excrucior,
1647 4899 1763 4955 tamen
1782 4889 1988 4960 suavissime
2009 4898 2201 4988 acquiesco
2318 4904 2351 4973 in

1361 4987 1583 5057 sermonibus
1606 4987 1675 5058 tuis
1694 5001 1727 5058 et
1745 4993 2000 5064 consuetudine
2023 5008 2103 5079 tua,
2128 5019 2273 5095 quoties
2289 5031 2351 5077 unt

1142 5049 1313 5166 Q
1360 5111 1500 5173 sumus,
1526 5101 1603 5160 tum
1623 5114 1708 5158 atero
1729 5091 1834 5160 etiam
1851 5093 1890 5161 in
1911 5094 2131 5185 cogitatione
2149 5118 2233 5179 tuae
2248 5111 2352 5181 virtu·

590 5217 740 5301 10αοἠο
774 5212 1048 5302 camerario„
1360 5189 1424 5275 tis,
1451 5192 1553 5276 fidei,
1577 5205 1611 5261 et
1633 5193 1854 5283 prudentiae.
1903 5195 1975 5266 Nec
1998 5195 2095 5272 mihi
2122 5188 2264 5281 tantum
2286 5213 2352 5304 pri·

1359 5293 1468 5361 vatim
1484 5295 1674 5364 amicitiam
1691 5308 1787 5365 tuam
1804 5298 1970 5385 gratulor,
1992 5303 2056 5372 sed
2070 5303 2186 5405 Reip.
2199 5316 2354 5406 prodesse

385 5400 470 5474 Epist.
489 5399 523 5455 ad
543 5398 679 5455 Camerar.
698 5417 724 5472 p.
738 5395 799 5453 580.
818 5396 874 5465 (ed.
894 5398 979 5454 Lond.
1001 5398 1049 5453 lV.
1070 5418 1114 5473 ep.
1126 5400 1210 5468 ste).
1359 5395 1544 5485 ingenium
1559 5411 1672 5482 inum,
1697 5411 1732 5468 el
1745 5413 1960 5490 perspectam
1974 5425 2015 5473 nc
2031 5411 2230 5496 probatam
2247 5420 2353 5489 omni.

1357 5498 1424 5567 bus
1447 5499 1684 5589 integritatem
1700 5514 1796 5570 tuam
1815 5504 1961 5590 gaudeo.
2012 5502 2140 5583 Deum
2165 5519 2353 5611 igiturest,

1356 5613 1397 5669 ut
1419 5615 1453 5671 te
1475 5615 1589 5670 servet
1614 5616 1648 5673 et
1669 5604 1851 5692 gubernet.
1901 5600 1998 5676 Haec
2020 5608 2193 5710 breviter
2211 5650 2353 5697 comme-

1356 5704 1527 5771 moranda
1552 5726 1626 5773 esse
1648 5703 1749 5789 duxi,
1775 5719 1815 5775 ut
1840 5711 2098 5796 responderem
2124 5726 2176 5794 ad
2203 5729 2354 5801 dutcissi.

314 5779 356 5873 S,
379 5797 424 5871 D.
476 5789 668 5867 Lethaeas
698 5810 732 5866 et
762 5798 807 5865 ab
833 5796 955 5865 amicis
983 5810 1145 5886 rogatus,
1180 5812 1215 5867 et
1245 5822 1307 5869 sua
1356 5827 1449 5871 mam
1472 5804 1658 5896 epistolam
1680 5820 1796 5892 tuam,
1821 5806 1861 5875 in
1883 5834 1952 5903 qua
1975 5836 2099 5907 nuper
2121 5849 2211 5899 cum
2237 5832 2354 5905 illustri

313 5915 438 5995 sponte
455 5900 601 5990 cupiens
619 5922 701 5969 suae
723 5897 874 5987 patriae,
901 5920 990 5990 quae
1013 5912 1212 5968 nascentem
1232 5902 1308 5993 pri·
1357 5903 1611 5993 significatione
1633 5909 1900 5981 benevolentiae
1923 5926 2025 6002 tuae,
2054 5943 2215 6016 questus
2237 5963 2292 6024 05,
2307 5957 2353 6007 me

317 5553 544 5632 Clarissimo
560 5557 656 5642 viro,
679 5553 882 5627 eruditione
899 5565 930 5626 et
951 5554 1079 5627 virtute
1100 5561 1313 5655 praestanti

357 5655 605 5733 Ioacbimo
631 5651 666 5731 C
671 5685 751 5732 am.
778 5654 872 5729 Pab.
898 5657 1017 5729 amico
1043 5663 1111 5729 'sao
1137 5661 1264 5736 carisa.
