5325 6917
372 793 400 842 x
972 765 1244 846 ANNALES
1276 762 1463 846 VITAE
1487 770 1619 847 MEL.
1674 770 1819 849 1544.

395 883 463 1049 12⁸3
513 945 668 1014 Lutherus
694 952 822 1033 graviter
846 954 984 1016 irascitur
1007 949 1125 1015 Bucero
1152 965 1275 1037 propter
1300 914 1469 1016 doctrinam
1494 956 1532 1017 de
1557 974 1651 1018 coena
1674 974 1777 1040 sacra,
1808 957 1841 1013 in
1872 956 1998 1035 epistola
2029 953 2066 1014 ad
2091 948 2318 1035 Landgrarium
2343 952 2424 1016 Has.

564 1058 624 1117 siae
645 1057 823 1138 expositam.

402 1182 460 1251 24·
513 1188 587 1251 Mel.
613 1193 758 1269 laetatur,
782 1188 866 1274 quod
891 1191 948 1251 sibi
968 1209 1031 1251 non
1057 1190 1191 1252 eundum
1215 1193 1255 1253 sit
1279 1190 1318 1252 ad
1341 1144 1523 1253 conventum
1546 1187 1730 1271 spirensem.

513 1322 626 1405 Magna
651 1329 723 1387 solis
747 1326 876 1405 eclipsis.

515 1454 664 1540 Georgius
689 1454 820 1521 Sabinus
841 1470 965 1519 vocatur
990 1460 1023 1517 in
1048 1457 1248 1519 Academiam
1269 1455 1553 1541 Regiomontanam.

404 1593 462 1658 25.
513 1589 717 1654 lllelanthonis
743 1593 891 1653 indicium
916 1591 953 1652 de
974 1596 1119 1654 sententia
1144 1589 1328 1675 Naogeorgii
1351 1594 1389 1655 de
1411 1597 1540 1677 peccatis
1566 1595 1740 1654 electorum.

387 1690 476 1755 Febr.
1949 1747 1953 1755 .

432 1802 464 1863 9,
515 1785 588 1850 Mel.
616 1793 750 1873 queritur
776 1791 813 1850 de
837 1794 912 1851 rixis
933 1785 1064 1852 Lutheri
1089 1811 1159 1850 cum
1176 1786 1401 1854 Iurisconsultis
1423 1788 1595 1871 Witeberg.
1623 1821 1671 1840 -
1722 1788 1898 1855 Editionem
1922 1799 2062 1869 locorum
2082 1793 2178 1857 theol.
2202 1805 2230 1852 et
2258 1793 2426 1855 dialectices

565 1912 669 1953 rursus
692 1893 827 1955 adornat.

300 2049 303 2064 ·
407 2030 464 2097 14.
517 2020 672 2106 crucigeri
694 2030 824 2089 narratio
852 2026 889 2086 de
913 2027 1071 2087 acerbitate
1096 2020 1228 2088 Lutheri
1252 2029 1286 2086 in
1303 2022 1550 2089 Iurisconsultus.

408 2167 461 2233 15.
516 2156 589 2221 Mel.
616 2174 731 2223 enarrat
752 2162 820 2221 libr.
846 2157 888 2222 V.
916 2156 1096 2220 Ethicorum
1117 2157 1302 2231 Aristotelis.

335 2333 338 2338 ,
404 2304 463 2366 18.
515 2289 644 2355 Ioannes
669 2292 855 2372 Fridericus,
881 2290 957 2353 Dux
981 2289 1054 2355 sax.
1081 2291 1222 2372 Elector,
1245 2300 1337 2356 intrat
1362 2291 1493 2376 Spiram.

403 2438 462 2499 21.
516 2425 608 2489 Initia
633 2424 835 2490 Comitiorum
860 2424 1058 2508 Spirensium.

515 2559 588 2624 Mel.
614 2568 749 2647 queritur
771 2564 809 2623 de
833 2563 969 2660 moribus
993 2556 1118 2639 Sabini,
1143 2562 1246 2641 generi
1270 2564 1326 2622 sui.

390 2633 478 2699 Mart.

428 2745 461 2806 ¹·
515 2762 589 2829 llIel.
616 2767 744 2846 graviter
769 2769 905 2849 queritur
930 2743 1127 2825 de'moribus
1152 2758 1278 2841 Sabini,
1303 2764 1357 2845 qui
1383 2765 1523 2825 ancillam
1550 2768 1656 2827 uxoris
1682 2784 1751 2825 suae
1777 2761 1933 2843 gravidans
1955 2762 2073 2823 fecerat.
2190 2818 2194 2828 .

514 2896 623 2960 Alesio
649 2902 750 2960 scribit
775 2901 1006 2981 propositiones.

405 3018 460 3079 13·
514 3032 668 3095 Praefatur
690 3039 723 3094 iu
745 3036 857 3095 librum
883 3029 1100 3099 Ciceronisde
1124 3044 1285 3093 senectute.

400 3150 459 3213 2⁰·
512 3164 634 3228 Laudat
655 3163 810 3245 Mauritii,
833 3163 930 3227 Ducis
955 3163 1047 3243 Sax.,
1070 3165 1205 3225 studium
1229 3168 1263 3224 in
1290 3159 1516 3245 Imperatorem.

514 3299 685 3361 Carnerario
711 3301 831 3378 scribit,
857 3298 932 3382 quid
957 3302 1047 3359 amici
1071 3298 1270 3360 iudicaverint
1295 3299 1333 3358 de
1360 3299 1492 3361 editione
1517 3301 1657 3360 locorum
1682 3299 1777 3361 theol.
1801 3304 1872 3380 anni
1903 3302 2010 3368 1556.

403 3421 461 3487 25·
512 3431 619 3496 Narrat
644 3432 801 3493 historiam
827 3435 1021 3494 comitiorum
1045 3429 1233 3515 Spirensium
1258 3445 1289 3494 et
1314 3444 1479 3494 conventus
1503 3430 1734 3514 Theologorum
1757 3429 1880 3517 Lipsiae
1906 3433 2010 3495 habiti.

512 3562 669 3648 Incipiunt
694 3563 850 3647 Epistolae
875 3566 913 3627 ad
938 3563 1099 3627 Albanum
1123 3564 1393 3642 Hurdcnhsrgium.

372 3685 406 3751 Α
428 3691 474 3752 ril.

405 3713 458 3861 P8·
512 3793 656 3874 Munera,
683 3795 761 3857 facta
786 3816 826 3856 ex
845 3798 954 3857 electro
978 3799 1072 3877 figura
1097 3796 1288 3858 cochlearum
1306 3799 1459 3878 accipiunt
1483 3794 1575 3875 Met,
1602 3793 1784 3856 Pomeranus
1807 3808 1837 3857 et
1848 3792 2004 3857 Lutherus
2021 3799 2057 3857 ab
2074 3787 2201 3860 Alberto
2217 3793 2304 3858 Duce
2319 3794 2418 3859 l'russ.

425 3933 458 3995 9.
511 3928 768 4008 Wallenrodunr,
798 3931 934 3989 nobilem
958 3928 1123 4009 Francum,
1152 3946 1256 4013 rogat,
1289 3944 1324 3993 ut
1349 3929 1398 3992 det
1419 3926 1613 4009 camerario,
1649 3933 1757 3992 iterio
1784 3927 1938 3991 Franclam
1970 3931 2107 4009 iactura,
2141 3936 2256 4017 equitas
2282 3934 2417 4010 comites,

562 4038 634 4117 quia
651 4036 681 4093 ei
702 4034 811 4094 metuit
839 4034 876 4092 ab
896 4029 1067 4115 Episcopis.

322 4196 326 4204 ’
400 4169 456 4231 1⁵.
509 4164 622 4229 Scribit
637 4163 820 4228 Academiae
832 4162 921 4247 Lips.
939 4167 976 4227 de
990 4167 1208 4249 compescendo
1224 4162 1379 4244 Gilberto,
1400 4170 1454 4249 qui
1473 4167 1615 4226 docebat:
1637 4165 1770 4227 divinam
1788 4179 1924 4228 naturam
1946 4171 1977 4228 in
2001 4168 2121 4233 Christo
2144 4191 2260 4251 passam
2281 4193 2352 4232 esse.

510 4287 657 4382 Georgius¹
679 4298 826 4380 Sabinus,
862 4322 953 4382 gener
967 4297 1062 4378 Met,
1091 4302 1257 4364 conductus
1277 4302 1314 4360 ab
1332 4296 1481 4377 Alberto,
1505 4296 1592 4361 Duce
1615 4297 1771 4376 Prussiae,
1797 4306 1994 4383 proficiscitur
2017 4301 2156 4386 Spiram,
2184 4320 2217 4366 ut
2242 4309 2416 4367 mlesionem

559 4417 640 4485 petat
665 4426 684 4464 a
706 4402 893 4467 Marchione.

509 4532 633 4616 Lipsiae
659 4536 757 4596 editur
780 4558 799 4596 a
820 4534 991 4597 Camerario
1019 4541 1113 4598 oratio
1138 4535 1289 4618 Ziegleri,
1315 4558 1332 4597 a
1357 4533 1553 4598 lllelanthone
1575 4543 1694 4621 scripta.

400 4679 456 4741 21.
509 4666 662 4731 Lutherus
687 4668 726 4729 ad
750 4667 927 4750 Eperienses
952 4671 1072 4730 scribit:
1128 4666 1206 4747 „De
1231 4667 1275 4730 Μ.
1298 4667 1444 4752 Philippo
1470 4668 1577 4751 (illel.)
1596 4673 1673 4731 mihi
1700 4676 1783 4732 nulla
1809 4686 1853 4732 est
1880 4676 2003 4732 omnino
2029 4675 2159 4752 suspicio
2186 4672 2296 4750 (videl.
2325 4677 2414 4734 illurn

559 4773 713 4833 deflectere
737 4794 753 4832 a
779 4767 910 4834 Lutheri
932 4777 1077 4832 sententia
1103 4771 1140 4833 de
1159 4793 1252 4833 coena
1278 4773 1394 4853 sacra),
1419 4795 1518 4855 neque
1540 4772 1577 4832 de
1596 4777 1661 4834 ullo
1687 4764 1860 4834 nostrum.”

396 4915 456 4977 22.
507 4903 658 4968 Medlerus
678 4919 802 4970 vocatur
826 4902 1036 4986 Brunsrigam.

395 5047 454 5110 80.
508 5037 673 5122 Georgius,
697 5037 841 5121 Princeps
866 5038 1072 5119 Anhaltinus,
1098 5042 1219 5121 eligitur
1243 5036 1415 5123 Episcopus
1437 5036 1699 5120 Merseburgensis.

386 5172 460 5237 Meti

420 5278 454 5342 4.
503 5266 584 5330 Loci
609 5270 774 5352 theologici
799 5270 927 5331 eduntur
952 5271 1105 5331 uberiores
1130 5283 1159 5331 et
1184 5268 1350 5332 nitidiores.

419 5418 451 5483 5,
504 5401 583 5468 Cum
609 5400 685 5467 Iona
708 5407 904 5486 proficiscitur
929 5403 1048 5468 Halam.

416 5552 451 5613 7,
503 5536 599 5600 Mittit
622 5538 785 5620 crucigero
807 5560 984 5620 responsum
1009 5545 1041 5601 in
1066 5542 1172 5601 itinere
1196 5542 1364 5620 scriptum,
1386 5538 1424 5599 ad
1448 5534 1550 5599 Duces
1575 5535 1768 5600 l‘omeraniae
1794 5537 1833 5596 de
1859 5538 2006 5596 electione
2026 5533 2181 5617 Episcopi.

417 5686 450 5749 8.
502 5672 597 5736 Venit
621 5671 825 5751 Wimariam,
862 5675 968 5736 ductus
999 5696 1016 5736 a
1040 5650 1107 5737 ¹riae
1131 5687 1349 5753 monstratore,
1384 5694 1476 5756 quem
1507 5678 1536 5734 ei
1568 5673 1687 5734 dederat
1719 5668 1847 5734 Senatus
1872 5665 2140 5752 Naumburgeusis.
2174 5679 2238 5717 -‘
2275 5670 2409 5732 Habebat

549 5780 707 5857 negotium
732 5780 857 5838 tutelare
881 5780 915 5838 in
937 5799 1026 5839 causa
1049 5781 1214 5840 liberorum
1240 5774 1403 5841 Christiani
1427 5772 1538 5838 Baieri.

390 5924 446 5987 18.
494 5908 599 5976 Rediit
623 5909 844 5993 Witebergam.
