5325 6917
310 823 384 898 835

311 1009 366 1077 to,
392 996 475 1088 quia
490 988 773 1063 Mensoriorum
793 994 947 1083 comperi
964 1017 1125 1083 magnam
1142 1015 1215 1061 esse
1236 1016 1300 1061 ne-

313 1097 514 1188 gligentiam
532 1097 570 1163 in
586 1096 716 1163 nostris
740 1095 852 1163 literis
869 1095 1061 1169 mittendis.
1111 1093 1215 1163 Nunc
1230 1094 1302 1163 uti-

314 1223 396 1267 nam
419 1200 458 1266 in
473 1195 664 1267 Germania
678 1193 774 1265 Deus
799 1196 903 1267 talem
921 1199 980 1265 det
997 1197 1302 1288 tranquillitatem,

315 1315 356 1370 ut
379 1313 413 1368 et
438 1313 476 1368 tu
500 1323 541 1367 ex
566 1298 692 1367 studiis
714 1298 784 1368 tuis
805 1314 981 1387 speratum
1006 1299 1160 1368 fructum
1176 1322 1302 1388 capere

314 1402 443 1491 possis,
470 1412 504 1468 et
521 1423 585 1466 nos
604 1399 759 1467 amicitia
776 1397 894 1469 nostra
911 1400 982 1467 frui
1001 1399 1169 1491 utrinque
1190 1399 1304 1490 possi-

314 1524 405 1574 mus.
456 1497 509 1569 Ac
527 1523 627 1590 spero
651 1501 793 1592 quidem
809 1499 925 1570 Deum
952 1502 1115 1571 daturum
1139 1524 1213 1570 esse
1235 1500 1303 1569 ali-

313 1626 384 1693 qua
415 1595 568 1692 hospitia
597 1601 787 1693 tranquilla
813 1599 979 1670 Ecclesiis
1008 1603 1090 1674 suis.
1145 1601 1301 1672 Salutem

314 1703 422 1772 dicito
446 1703 522 1770 viro
540 1704 742 1771 doctissimo
763 1699 807 1773 D.
824 1701 868 1774 D.
887 1694 1154 1800 Oldendorpio.
1205 1700 1303 1771 Bene

314 1818 347 1874 et
362 1803 508 1872 feliciter
525 1804 611 1875 vale.
648 1801 715 1872 Die
731 1803 965 1874 Salaminicae
981 1805 1165 1889 victoriae,
1190 1806 1227 1873 id
1243 1819 1305 1888 est,

312 1905 374 1978 20.
392 1901 554 1993 Augusti.

322 2175 344 2184 .-
352 2176 366 2184 ο
376 2176 410 2183 --ι
422 2175 1124 2190 *·ο-.--ι-Ἣσσο,ιο--
1132 2177 1294 2189 -n—-n—

1289 2199 1296 2210 ι

313 2360 509 2492 Q.

1147 2371 1304 2489 tw.

512 2655 527 2664 η
584 2548 731 2634 Ioaolt.
765 2544 1025 2633 Camerario.

358 2727 442 2799 Epist.
461 2727 494 2782 ad
513 2727 651 2783 Gamerae.
668 2747 695 2800 p.
709 2729 769 2783 529.
787 2727 846 2797 (ed.
864 2727 953 2782 Lond.
966 2728 1011 2783 lib.
1024 2728 1073 2782 lV.
1092 2747 1134 2799 ep.
1153 2729 1234 2793 fita).

312 2878 538 2957 Clarissimo
564 2885 641 2955 viro
663 2880 865 2957 eruditione
890 2895 922 2957 et
943 2884 1071 2956 virtute
1095 2886 1306 2983 praestanti

325 2984 352 3057 I
359 2981 573 3058 oachimo
598 2978 872 3059 Camerario
896 2983 1139 3083 Pobergensi,
1172 2988 1291 3059 amico

689 3113 757 3160 suo
789 3115 917 3164 conss.

312 3201 355 3291 S.
374 3219 419 3293 D.
467 3218 613 3311 Hospiti
627 3246 706 3292 meo
722 3215 942 3318 Hispano*)
958 3222 1035 3291 viro
1051 3219 1229 3312 prudenti,
1244 3219 1302 3287 in-

313 3336 429 3411 tegro,
463 3319 637 3413 θεοσεβεῖ
658 3324 752 3392 diem
776 3325 942 3394 dixerunt
964 3323 1003 3391 in
1025 3321 1168 3413 Belgica
1191 3320 1302 3415 Syco-

311 3419 464 3516 phantae
482 3419 587 3492 etiam
604 3422 750 3491 absenti.
803 3422 851 3496 Et
871 3450 911 3494 ex
927 3424 1065 3494 dierum
1081 3447 1229 3494 numero
1244 3447 1301 3491 ra-

312 3525 527 3596 tiocinamur
549 3521 618 3591 iam
635 3523 743 3592 latam
763 3547 835 3592 esse
848 3526 1070 3599 sententiam.
1122 3523 1170 3595 Ut
1193 3525 1302 3614 igitur

313 3626 469 3719 inquirat
499 3620 584 3693 haec
614 3637 650 3694 et
679 3626 891 3706 sciscitetur,
926 3650 1014 3694 num
1038 3629 1083 3695 ad
1107 3650 1143 3695 se
1164 3627 1300 3696 litterae

311 3729 401 3800 istuc
420 3726 547 3795 missae
562 3725 651 3811 sint,
676 3730 721 3795 ad
739 3750 802 3796 vos
817 3728 994 3817 profectus
1009 3740 1070 3799 est.
1121 3726 1215 3797 Dedi
1236 3752 1298 3796 au-

311 3846 382 3900 tem
398 3830 429 3898 ei
448 3828 649 3918 epistolam,
671 3842 705 3898 et
727 3841 767 3901 ut
781 3852 937 3898 caussam
955 3829 1091 3898 itineris
1106 3828 1217 3918 ipsius
1232 3829 1300 3898 sci-

311 3954 383 4013 res,
409 3942 443 3996 et
459 3928 540 4019 quia
558 3928 649 3995 affici
672 3941 706 3997 te
724 3930 900 3998 bonorum
916 3930 1074 4000 virorum
1091 3929 1299 4000 calamitati-

311 4026 483 4101 busseio.
541 4023 619 4116 lpse
644 4029 727 4098 satis
750 4031 835 4099 forti
857 4032 976 4099 auimo
998 4046 1067 4116 est,
1100 4032 1163 4100 etsi
1187 4031 1299 4099 inter-

310 4131 407 4203 cludi
430 4129 496 4199 sibi
511 4129 663 4198 reditum
679 4131 722 4198 ad
744 4145 907 4221 parentes
923 4147 958 4203 et
973 4134 1010 4200 in
1027 4135 1175 4223 patriam
1188 4134 1297 4204 videt.

310 4234 381 4306 Sed
397 4246 513 4301 tamen
528 4242 712 4320 parentum
728 4232 827 4302 luctu
839 4235 1003 4304 etdolore
1019 4249 1189 4305 movetur.
1215 4232 1295 4302 Non

311 4335 423 4405 multo
446 4335 548 4403 aliter
570 4333 609 4401 in
632 4357 698 4402 nos
720 4332 790 4402 iam
812 4332 1047 4430 sycophantae
1062 4337 1121 4406 isti
1136 4348 1298 4405 exercent

309 4436 554 4527 tyrannidem,
579 4460 684 4527 quam
701 4435 844 4524 triginta
861 4438 914 4504 illi
931 4432 1082 4506 Athenis
1097 4440 1134 4506 in
1150 4461 1232 4506 suos
1247 4436 1297 4505 ci-

237 4571 244 4580 ·
309 4558 369 4602 ves
384 4537 574 4607 seviebant.
627 4535 698 4607 Sed
713 4533 810 4606 Deus
824 4539 977 4607 servabit
999 4552 1031 4607 et
1046 4536 1224 4608 Ecclesiae
1240 4562 1297 4607 re—

309 4633 454 4726 liquias,
480 4647 514 4702 et
527 4636 645 4726 aliqua
661 4638 842 4709 doctrinae
857 4638 1048 4713 domicilia.

406 4811 684 4910 Καταπροφὴν
699 4837 892 4894 conventus
908 4822 1136 4909 Germanici,
1151 4824 1212 4917 qui
1227 4823 1295 4893 fuit

308 4921 347 4989 in
370 4919 458 4988 urbe
478 4912 519 4989 V
516 4914 738 5010 angionam,
765 4947 867 4993 nosse
883 4940 916 4994 te
937 4928 1078 5016 opinor.
1135 4925 1207 4993 Nos
1232 4927 1294 4993 de-

307 5034 442 5091 cretum
471 5032 583 5089 totum
612 5020 772 5110 legimus.
834 5019 888 5091 De
910 5024 1055 5117 Synodo
1081 5024 1293 5095 Tridentina

305 5143 449 5212 prorsus
465 5120 645 5192 silentium
660 5136 722 5196 est.
773 5113 935 5193 Carolus
948 5123 1101 5197 Romam
1119 5125 1294 5196 misitLo-

305 5220 473 5290 vaniense
488 5222 680 5297 decretum.
732 5221 774 5294 ld
788 5222 924 5297 Romae
945 5251 1109 5297 excusum
1125 5230 1218 5322 typis
1235 5230 1293 5297 di-

304 5322 413 5406 citur,
428 5322 673 5397 circumfertur
690 5348 772 5414 ergo
788 5341 955 5421 tanquam
971 5328 1107 5423 Synodi
1126 5322 1292 5424 προβού·

303 5426 432 5514 λευμα.
498 5420 595 5493 Bene
627 5428 723 5515 vale,
764 5428 822 5498 die
855 5429 1068 5500 Salaminiae
1102 5430 1292 5518 Victoriae,

301 5522 381 5598 XX.
397 5519 488 5616 Aug.

861 5625 1050 5725 Philippus
1064 5630 1240 5705 Melantb.

300 5846 384 5857 ——a—.
394 5848 505 5859 *an—-

332 5954 361 6026 *)
380 5960 525 6016 francisco
540 5962 696 6037 Dryandro.

900 797 1340 893 nemrotanuu
1389 818 1585 898 trane
1637 819 1774 897 tots.
1833 753 1838 760 ’

2296 822 2361 899 886

2218 1006 2281 1068 20.
2292 998 2359 1084 Aug.

2190 1105 2354 1136 m

1636 1221 1739 1333 Cpb.
1769 1251 1800 1305 a
1831 1219 2080 1311 Carlowt'tz.

1425 1383 1561 1439 Praefatio
1583 1387 1612 1438 io
1635 1384 1750 1438 librume
1786 1383 1885 1438 Oratio
1909 1384 2029 1456 Lcurgi
2061 1391 2171 1439 eontn
2201 1387 2355 1456 Iaeomten,

1458 1472 1571 1523 graece,
1590 1473 1652 1507 cum
1672 1454 1757 1523 praef.
1776 1453 1843 1507 Mel.
1861 1454 1896 1506 ad
1965 1454 2142 1508 Carlowite.
2184 1457 2279 1509 Viteb.
2292 1459 2352 1513 1545.

1458 1527 1483 1573 ὅ.
1502 1522 1568 1593 6pl.
1587 1554 1622 1563 -
1658 1521 1759 1575 lterum
1774 1521 1901 1576 Francos.
1915 1523 1949 1575 ad
1966 1523 2068 1576 Moen.
2085 1542 2142 1593 per
2158 1523 2353 1581 pereuntes

1460 1593 1535 1645 1554.
1553 1596 1595 1663 s.,
1613 1610 1642 1645 er
1655 1610 1710 1661 quo
1723 1590 1794 1645 libro
1810 1590 1943 1661 descripta
1956 1609 1972 1644 a
1985 1592 2124 1658 Luneio,
2141 1592 2194 1648 hic
2206 1593 2270 1646 data
2279 1605 2322 1648 eet.

1355 992 1422 1067 No.
1438 994 1553 1068 stat.

1360 1103 1533 1136 m

1356 1761 1581 1842 Clarissimo
1614 1772 1709 1856 ciro,
1751 1768 1944 1839 nobilitate
1973 1771 2137 1865 generis
2171 1784 2206 1843 et
2245 1775 2352 1847 cirtulo

1354 1874 1581 1970 praestanti,
1620 1870 1674 1941 D.
1708 1860 2068 1971 Christoplsoro
2102 1901 2130 1943 a
2161 1869 2350 1949 Carolo·

1473 1976 1600 2060 witz,
1626 1969 1828 2070 Philippus
1854 1968 2101 2045 Melanthon
2131 1973 2178 2047 S.
2203 1976 2261 2049 D.

1357 2126 1474 2238 Saepe
1501 2146 1623 2239 quaeri
1648 2146 1738 2215 solet
1761 2145 1800 2213 in
1831 2156 1927 2215 tanta
1956 2146 2227 2220 imbecillitate
2253 2147 2347 2223 homi-

1357 2275 1464 2328 num,
1486 2272 1531 2315 an
1554 2262 1680 2320 natura
1703 2260 1839 2317 tantum
1860 2260 2031 2336 regantur
2060 2242 2265 2323 hominum
2288 2279 2348 2322 mo-

1356 2373 1432 2431 res,
1457 2362 1496 2418 ut
1518 2349 1664 2416 dicitur:
1691 2346 1844 2417 Naturae
1867 2350 2029 2441 sequitur
2052 2352 2205 2422 semina
2217 2356 2350 2448 quisque
2381 2353 2382 2378 ³

1356 2475 1456 2535 suae;
1480 2475 1526 2517 an
1541 2473 1626 2518 vero
1640 2451 1745 2519 etiam
1762 2449 1921 2520 doctrina
1937 2465 1972 2520 et
1988 2451 2196 2543 disciplina
2211 2456 2299 2527 flecti
2312 2457 2352 2526 ad

1356 2554 1523 2624 virtutem
1543 2552 1683 2640 ingenia
1702 2551 1848 2641 possint.
1901 2548 1983 2638 Qua
1996 2553 2046 2621 de
2068 2578 2113 2623 re
2139 2550 2201 2625 hic
2221 2558 2351 2651 quidem

1357 2657 1497 2742 longam
1513 2653 1789 2742 disputationem
1806 2652 1991 2722 instituere
2012 2656 2131 2725 nolo:
2158 2672 2296 2729 tantum
2315 2662 2352 2729 de

1356 2755 1425 2827 Dei
1446 2755 1577 2824 iudicio
1601 2768 1635 2822 et
1649 2755 1832 2823 voluntate
1852 2754 2002 2823 lectores
2021 2762 2351 2835 commonefaciam.

1356 2857 1434 2928 Etsi
1460 2878 1585 2944 magna
1609 2867 1661 2923 est
1691 2854 1877 2925 infirmitas
1907 2850 2094 2927 humana:
2132 2874 2258 2933 tamen
2284 2888 2349 2934 urm

1355 2957 1451 3029 Deus
1475 2956 1689 3047 praeceperit
1719 2957 1831 3025 excoli
1857 2951 2021 3026 homines
2054 2961 2236 3035 doctrina
2265 2978 2297 3035 et
2314 2967 2350 3035 ad

1355 3062 1522 3129 virtutem
1537 3058 1731 3140 assuefieri,
1746 3080 1886 3128 necesse
1899 3070 1948 3127 est
1962 3060 2159 3131 culturam
2174 3066 2276 3135 illam
2291 3090 2351 3137 non

1354 3181 1499 3254 prorsus
1521 3158 1687 3228 inutilem
1709 3181 1798 3244 esse,
1829 3161 2038 3249 praesertim
2063 3163 2110 3233 in
2135 3183 2268 3240 natura
2288 3192 2351 3239 nor

1355 3264 1514 3333 distorta.
1579 3256 1728 3347 Quoties
1752 3285 1821 3330 vox
1851 3261 1975 3330 divina
2007 3265 2217 3357 praecipit,
2252 3271 2349 3360 legem

1354 3388 1428 3433 non
1449 3364 1564 3433 solum
1589 3385 1691 3452 saepe
1711 3361 1870 3440 recitari,
1893 3363 1952 3431 sed
1979 3364 2097 3434 etiam
2117 3368 2159 3437 in
2175 3373 2348 3442 vestibulis

1354 3466 1495 3535 aedium
1510 3463 1635 3548 scribi,
1661 3477 1696 3533 et
1715 3464 1753 3532 in
1776 3463 1913 3534 tabellis
1926 3465 2105 3556 scriptam
2124 3471 2348 3552 circumferri,

1352 3581 1393 3638 ut
1416 3566 1626 3656 cogitatione
1648 3566 1722 3634 eius
1740 3567 1925 3635 frenentur
1940 3567 2060 3636 animi
2077 3585 2115 3642 et
2131 3575 2347 3646 conformen-

1352 3683 1422 3741 tur.
1473 3667 1658 3737 Pertiuent
1673 3680 1788 3735 autem
1803 3669 1848 3737 ad
1866 3666 2006 3737 virtutis
2022 3669 2237 3743 doctrinam
2254 3678 2345 3747 etiam

1352 3765 1546 3840 Oratorum
1570 3768 1719 3857 scripta,
1748 3768 1811 3859 qui
1844 3792 1923 3838 cum
1946 3769 2129 3842 scelernm
2159 3779 2342 3868 turpitudi-

1352 3896 1452 3957 nem,
1477 3884 1513 3941 et
1529 3872 1634 3938 decus
1651 3868 1808 3954 virtutis,
1833 3869 1995 3939 oratione
2012 3891 2250 3965 exaggerant,
2276 3894 2342 3950 tar-

1352 3998 1457 4066 qnam
1476 3971 1627 4041 fulmina
1651 3970 1689 4038 in
1710 3971 1894 4042 sceleratos
1913 3984 2111 4066 torquent;
2135 3978 2255 4051 bonos
2272 4005 2340 4051 vero

1350 4076 1393 4142 ad
1410 4098 1565 4143 amorem
1582 4072 1807 4166 studiumque
1829 4068 2065 4143 honestarum
2088 4103 2216 4151 rerum
2233 4105 2340 4152 accen·

1350 4178 1450 4245 (turn.
1507 4171 1554 4243 Et
1579 4197 1704 4261 magna
1728 4188 1779 4243 est
1802 4174 2045 4264 exemplorum
2070 4178 2112 4246 in
2131 4185 2337 4254 orationibus

1350 4276 1449 4367 copia
1465 4289 1499 4344 et
1512 4276 1680 4358 varietas,
1706 4299 1746 4343 ac
1762 4278 1805 4343 de
1819 4275 1947 4345 caussis
1960 4279 2134 4349 omnium
2152 4285 2334 4356 officiorum

1349 4378 1458 4445 multa
1473 4376 1727 4466 sapientissime
1743 4378 1919 4448 dicuntur.
1965 4374 2140 4464 Quarum
2161 4411 2335 4457 rernmco·

1349 4478 1471 4569 gitatin
1495 4478 1666 4546 virtutum
1692 4479 1827 4547 semina
1843 4479 1881 4546 in
1897 4479 2083 4549 mentibus
2107 4500 2143 4555 et
2171 4490 2334 4560 excitatet

1350 4581 1472 4652 nutrit.
1522 4577 1626 4648 Nune
1646 4578 1754 4667 igitur
1775 4573 1867 4648 banc
1881 4577 2034 4673 Lycurgi
2052 4588 2261 4659 orationem
2271 4589 2334 4658 edi·

1349 4681 1404 4764 di,
1439 4703 1528 4772 qnae
1549 4681 1593 4747 de
1617 4680 1762 4769 pietate,
1797 4705 1903 4773 qnam
1924 4704 2009 4749 suae
2029 4687 2198 4781 quisque
2222 4692 2334 4783 patriae

1349 4783 1436 4851 bene
1450 4791 1607 4848 moratae
1623 4780 1742 4864 debet,
1769 4781 1969 4851 dulcissime
1985 4787 2242 4866 concionatur.
2276 4789 2334 4862 At·

1346 4894 1444 4951 cusat
1460 4880 1555 4948 enim
1568 4878 1752 4975 Lycurgus
1767 4883 1992 4973 perfidiosum
2009 4883 2148 4974 civem,
2164 4896 2247 4987 qui,
2268 4917 2334 4964 cum

1344 4978 1581 5055 Athenienses
1612 4984 1789 5052 decretum
1819 4985 1983 5055 fecissent
2011 5001 2096 5077 post
2130 4994 2270 5066 cladem
2299 4992 2333 5076 ad

1344 5080 1587 5156 Chaeroneam
1618 5098 1813 5175 acceptam,
1851 5110 1896 5156 ne
1923 5087 2111 5182 desperata
2141 5097 2334 5166 defensione

1345 5186 1494 5279 patriam
1513 5186 1606 5256 cives
1619 5187 1837 5272 desererent,
1862 5181 2016 5258 Athenis
2031 5190 2196 5281 fugerat,
2222 5212 2259 5268 et
2281 5218 2333 5278 ret.

1345 5313 1434 5383 quae
1457 5289 1495 5357 in
1515 5311 1622 5358 naves
1640 5288 1778 5380 imponi
1793 5302 1974 5378 poterant,
2000 5310 2192 5382 avexerat,
2218 5300 2332 5370 deinde

1344 5414 1428 5459 vero
1453 5413 1533 5458 cum
1555 5389 1625 5457 iam
1641 5383 1842 5460 Alexander
1860 5390 1995 5462 bellum
2018 5389 2059 5461 in
2078 5391 2210 5469 Asiam
2233 5417 2333 5473 nans·

1344 5492 1498 5571 tulisset,
1539 5503 1573 5559 et
1605 5489 1643 5558 in
1665 5485 1782 5562 Attica
1804 5516 1940 5566 summa
1970 5499 2224 5590 tranquillitas
2248 5513 2331 5580 esset

1343 5587 1502 5662 Athenas
1532 5592 1692 5664 redierat.
1751 5591 1793 5662 ln
1823 5587 1891 5664 hoc
1915 5593 2101 5668 luculento
2135 5617 2331 5694 argumento

1342 5695 1480 5782 sapiens
1496 5708 1615 5762 orator
1629 5692 1832 5781 gravissime
1847 5697 1966 5780 docet,
1984 5687 2089 5769 ⁴vitae
2106 5719 2256 5777 nostrae
2268 5709 2332 5777 fru-

1341 5809 1435 5864 ctum
1458 5796 1579 5865 deberi
1602 5795 1788 5887 praecipue
1810 5796 1871 5882 iis,
1904 5798 2081 5890 aquibus
2105 5829 2189 5876 eam
2210 5806 2331 5901 accepi·

1339 5919 1437 5979 mus,
1460 5897 1593 5967 scilicet
1610 5898 1817 5989 parentibus
1840 5912 1874 5969 et
1895 5898 2042 5991 patriae.
2097 5901 2261 5982 Nomine
2281 5933 2333 5981 au·
