5325 6917
324 731 400 807 823

896 717 1335 796 EPISTOLARUM
1394 714 1501 791 LlB.
1536 714 1601 790 IX.
1655 710 1788 789 1645.

2318 704 2386 781 824

325 905 400 973 lnm
420 899 465 969 sit
486 909 684 989 peccatum,
710 907 854 984 propter
872 894 967 985 quod
987 888 1074 962 haec
1089 906 1209 962 nostra
1225 906 1315 989 tem·
1365 884 1463 954 llaec
1477 908 1684 955 aerumnosa
1701 880 1888 954 hominurn
1904 897 2031 955 natura
2049 879 2252 975 premitur
2268 875 2382 966 ingen-

327 1014 529 1096 peramenta
544 1022 641 1067 nune
655 996 824 1066 belluinis
837 993 968 1064 similia
984 1009 1077 1067 sunt.

431 1189 490 1264 Ad
510 1188 602 1261 hanc
630 1201 746 1259 autem
774 1188 1039 1280 responsionem
1071 1188 1201 1256 deinde
1232 1182 1319 1255 haec

332 1296 493 1366 addenda
525 1306 592 1361 est:
625 1315 671 1359 ne
703 1314 798 1361 nrrnc
828 1290 972 1383 quidem
1004 1289 1123 1359 stellas
1148 1289 1319 1358 scelerum

335 1419 455 1467 causas
477 1416 569 1473 esse,
594 1392 695 1484 quia,
719 1393 785 1461 etsi
806 1392 1056 1464 inclinationes
1070 1392 1115 1459 ab
1133 1391 1182 1460 eis
1197 1390 1322 1459 oriun-

335 1511 412 1582 tur,
436 1510 554 1566 tamen
576 1490 661 1563 haec
682 1517 756 1562 non
770 1506 854 1563 sunt
873 1493 1027 1582 integrae
1043 1492 1221 1561 actionum
1238 1514 1322 1559 cau-

337 1622 411 1685 sae3
442 1600 500 1667 sed
526 1597 690 1666 voluntas
718 1596 901 1685 praecipua
929 1607 1105 1663 causaest
1131 1594 1322 1670 actionum,

338 1723 428 1795 quae
445 1698 590 1792 quidem
612 1710 646 1764 et
667 1709 783 1785 potest
798 1708 833 1765 et
847 1697 951 1764 debet
965 1694 1103 1763 frenare
1120 1693 1324 1762 inclinatio-

337 1825 413 1875 nes.
449 1799 532 1869 Non
547 1794 640 1865 enim
657 1797 795 1865 latalem
810 1796 1048 1865 necessitatem
1066 1793 1325 1876 constituimus,

340 1927 406 1972 nec
428 1901 504 1989 cogi
528 1898 705 1969 Neronem
728 1922 747 1965 a
768 1898 879 1966 stellis
903 1899 946 1964 ad
973 1909 1069 1966 tanta
1086 1896 1216 1964 scelera
1235 1895 1325 1964 dici-

340 2028 438 2086 mus,
470 2002 530 2069 sed
557 1998 738 2069 accersivit
756 1999 831 2088 ipse
855 1998 925 2066 sibi
947 1992 1013 2066 hos
1035 1998 1173 2066 furores
1191 1998 1325 2078 volens,

340 2118 375 2174 et
398 2103 640 2190 indulgentem
665 2100 915 2189 cupiditatibus
939 2098 1049 2187 magis
1073 2099 1251 2190 magisque
1269 2099 1325 2166 in-

340 2205 461 2275 citavit
476 2202 651 2271 diabolus.
682 2197 735 2269 Ac
748 2201 860 2271 multo
875 2200 915 2269 fit
928 2201 1083 2269 deterior
1096 2198 1202 2283 Nero,
1219 2223 1324 2294 quam

341 2305 480 2398 qualem
498 2316 644 2382 natura,
670 2302 830 2395 quamvis
845 2302 1019 2386 infausta,
1043 2302 1203 2370 finxerat.

440 2484 544 2556 Nunc
572 2481 836 2572 responsionem
862 2482 905 2549 ad
930 2479 1056 2549 Basilii
1082 2494 1327 2570 argumentum

342 2587 440 2658 vides
465 2609 540 2654 non
561 2584 675 2650 levem
698 2583 1073 2651 commonefactionem
1096 2606 1169 2651 esse
1196 2584 1239 2651 de
1261 2606 1328 2652 no·

343 2690 424 2758 stris
439 2683 590 2753 miseriis
606 2694 641 2749 et
655 2681 747 2747 veris
762 2703 881 2749 earum
900 2683 1025 2755 causis.

444 2872 494 2947 At
509 2875 699 2945 obiiciunt:
725 2874 952 2964 paucissimas
971 2897 1043 2945 esse
1058 2867 1330 2947 demonstratio-

342 3001 406 3051 nes
420 2980 464 3048 de
479 2976 721 3047 effectionibus
737 2975 905 3044 siderum.
931 2976 1090 3048 Socrates
1107 2979 1151 3047 de
1165 2979 1331 3048 universa

341 3080 498 3154 humana
528 3078 699 3168 sapientia
731 3077 863 3169 inquit:
881 3069 885 3080 ¹
902 3071 1067 3148 hanzines
1099 3086 1166 3147 aut
1194 3102 1330 3175 pauca,

341 3191 408 3255 aut
425 3175 527 3251 nihil
542 3177 654 3254 seim
679 3202 832 3269 qnorum
849 3178 999 3249 alterum
1012 3182 1139 3250 salsum
1153 3193 1216 3252 est.
1243 3180 1331 3249 Vult

343 3286 440 3356 enim
461 3285 547 3350 deus
568 3281 722 3371 aliquam
745 3273 991 3351 in'hominum
1012 3282 1192 3351 mentibus
1213 3282 1329 3350 lucem

345 3406 418 3457 esse
441 3381 633 3471 reliquam,
675 3380 818 3449 notitias
846 3405 1095 3470 numerorum,
1127 3384 1330 3473 figurarum,

345 3489 462 3574 legum
495 3493 661 3558 naturae,
709 3475 870 3571 physicas
900 3485 1042 3558 multas.
1100 3481 1178 3554 Etsi
1211 3498 1329 3554 autem

344 3608 473 3673 magna
507 3595 559 3650 est
583 3578 769 3647 infirmitas
795 3573 971 3652 humanae
999 3587 1128 3656 mentis
1155 3599 1190 3655 et
1217 3586 1329 3654 facilis

347 3683 576 3757 hallucinatio
596 3695 632 3750 et
654 3680 764 3749 multa
788 3693 917 3750 errata:
944 3698 1060 3752 tamen
1077 3687 1158 3755 illae
1172 3687 1330 3771 notitiae,

345 3813 437 3880 quae
461 3785 633 3855 divinitus
661 3794 874 3852 monstratae
901 3799 1001 3869 sunt,
1035 3809 1109 3855 non
1134 3802 1215 3858 sunt
1238 3790 1330 3858 abii-

343 3891 498 3961 ciendae.
549 3884 597 3954 Et
618 3884 769 3952 aliarum
791 3907 982 3975 paucarum
1003 3888 1227 3972 notitiarum,
1251 3912 1330 3959 cum

345 4004 437 4060 recte
468 3987 697 4067 evolvuntur,
731 4007 856 4072 magna
887 4000 938 4055 est
964 3990 1180 4078 amplitudo;
1220 4004 1260 4061 ut
1291 3991 1329 4059 in

345 4089 493 4178 singulis
509 4085 643 4153 artibus
658 4085 846 4173 prudentes
861 4087 1007 4156 artifices
1021 4114 1146 4179 magna
1163 4115 1243 4159 cum
1266 4094 1330 4160 ad-

344 4190 532 4261 miratione
553 4186 693 4254 divinae
718 4185 907 4275 sapientiae
928 4189 1224 4265 animadvertunt.
1277 4190 1329 4262 lta

344 4295 456 4363 fateor
475 4292 519 4357 de
543 4285 788 4356 effectionibus
810 4288 991 4358 stellarum
1022 4316 1148 4381 paucas
1172 4317 1245 4362 esse
1268 4295 1328 4361 de-

344 4391 626 4463 monstrationes.
678 4387 746 4458 Sed
773 4401 887 4459 tamen
909 4414 949 4458 ex
972 4387 1028 4461 his
1051 4393 1154 4483 ipsis,
1182 4396 1212 4464 si
1231 4397 1329 4463 evol-

344 4507 489 4572 vantur,
516 4492 546 4560 si
559 4493 678 4560 dextre
695 4502 729 4557 et
743 4490 937 4579 prudenter
950 4494 996 4561 ad
1009 4494 1116 4564 vitam
1130 4521 1329 4566 accommo-

344 4594 490 4677 dentur,
506 4592 618 4678 ‚valde
630 4591 741 4661 multa
757 4590 913 4661 iudicare
930 4610 1088 4684 possunt.

444 4788 493 4864 At
509 4814 610 4882 saepe
625 4790 799 4878 fallimur,
822 4797 960 4887 saepius
973 4798 1077 4867 etiarn
1094 4824 1200 4893 quam
1216 4802 1256 4871 in
1273 4827 1328 4873 ce-

343 4894 428 4967 teris
443 4895 587 4964 artibus.
640 4890 767 4961 Fateor
796 4890 864 4964 hoc
893 4923 1045 4991 quoquc.
1102 4900 1175 4971 Nec
1210 4918 1328 4974 tamen

343 5022 400 5067 ars
415 4996 512 5066 nulla
536 5007 597 5066 est.
648 4992 746 5081 Quid
767 5008 818 5064 est
833 4997 929 5064 enim
950 5000 1159 5069 familiarius
1178 4998 1328 5089 homini,

344 5123 450 5192 quam
473 5091 685 5165 hallucinari
708 5118 747 5163 ac
772 5094 915 5163 errare?
965 5095 1035 5167 Sed
1050 5115 1193 5171 manent
1209 5117 1326 5174 tamen

249 5209 253 5225 ¹
343 5201 481 5291 aliquae
503 5216 604 5266 verae
626 5195 791 5279 notitiae,
822 5219 909 5289 quas
932 5196 991 5265 alii
1014 5201 1142 5290 magis,
1173 5206 1233 5294 alii
1258 5208 1327 5274 mi-

342 5324 410 5370 nus
431 5300 548 5367 dextre
572 5302 615 5366 ad
636 5324 692 5381 ea,
718 5299 762 5365 de
782 5299 912 5389 quibus
927 5298 1104 5387 iudicant,
1130 5328 1327 5377 accommo-

341 5404 443 5486 dant;
471 5413 504 5469 et
526 5400 717 5469 defuturis
742 5400 847 5467 rebus
867 5400 972 5469 etiam
996 5427 1105 5492 pauca
1128 5411 1326 5500 prospicere

341 5518 376 5573 et
396 5503 502 5586 utile,
528 5515 562 5572 et
581 5519 748 5589 magnum
773 5513 835 5573 est.
885 5499 956 5570 Nec
983 5529 1126 5593 prorsus
1149 5510 1194 5577 de
1209 5506 1325 5580 nihilo

340 5605 498 5678 dictum:.

383 5750 442 5829 Qui
465 5750 563 5830 sapit,
580 5750 634 5813 illa
655 5749 787 5814 animum
809 5753 948 5816 fortunae
967 5764 1130 5834 praeparat
1153 5757 1251 5838 omni,

421 5836 653 5917 Praevisumqne
675 5845 774 5915 potest
796 5849 859 5900 arta
881 5840 982 5902 lerare
1004 5840 1126 5904 malum.

1241 5939 1259 5972 Ο

1369 988 1463 1056 tibus
1486 987 1657 1071 miseriis,
1682 988 1796 1055 multo
1823 986 2003 1078 pluribus,
2033 1008 2155 1079 quam
2181 1002 2279 1073 quas
2304 993 2382 1048 astra

1369 1087 1597 1161 denunciant.
1649 1087 1732 1157 Non
1750 1087 1860 1177 igitur
1874 1110 2092 1180 quaeramus
2110 1074 2382 1175 philosophiam

1369 1184 1582 1270 humanam,
1608 1214 1698 1281 quae
1720 1190 1874 1280 depellat
1894 1189 2013 1259 omnia
2031 1185 2214 1280 pericula
2230 1195 2270 1252 et
2293 1182 2381 1269 mala,

1371 1290 1462 1359 sicut
1483 1313 1549 1358 nec
1568 1314 1664 1359 mors
1688 1289 1767 1360 tolli
1790 1289 2023 1361 medicatione
2045 1300 2200 1383 potest,
2228 1286 2305 1354 imo
2328 1307 2380 1354 nee

1372 1392 1489 1460 morbi
1510 1414 1632 1460 omnes
1649 1392 1734 1483 pelli
1750 1405 1892 1482 posunt.

1473 1549 1734 1644 Agnoscamus,
1762 1578 1828 1624 nos
1860 1578 1934 1624 esse
1964 1578 2125 1625 massam
2161 1550 2320 1645 peccati,
2345 1575 2376 1621 ac

1374 1669 1519 1746 propter
1541 1657 1631 1725 iram
1658 1657 1717 1725 dei
1740 1657 1898 1745 singulos
1923 1671 1957 1726 et
1978 1679 2121 1748 poenas
2155 1653 2376 1746 propriorum

1375 1759 1536 1848 lapsuum
1559 1759 1651 1826 ferre
1674 1771 1709 1825 et
1731 1759 1953 1847 publicarum
1968 1758 2212 1826 miseriarum
2228 1755 2376 1826 sosietate

1375 1858 1484 1931 feriri.
1532 1855 1580 1929 Et
1594 1873 1712 1928 tamen
1729 1883 1810 1928 cum
1827 1861 1960 1929 accedit
1973 1859 2115 1949 agnitio
2135 1881 2227 1926 vera
2243 1857 2306 1925 lilii
2321 1856 2374 1941 dei

1378 1959 1517 2028 domini
1541 1960 1653 2029 nostri
1677 1958 1755 2029 lesu
1771 1954 1923 2045 Christi,
1946 1961 2188 2052 experientur
2202 1982 2242 2028 se
2259 1958 2373 2047 pracsi-

1378 2061 1437 2129 dia
1453 2062 1547 2129 vitae
1562 2061 1696 2129 maiora
1710 2055 1857 2145 habere,
1883 2086 1987 2154 quam
2005 2062 2037 2131 si
2054 2059 2192 2132 Croesi
2206 2084 2312 2152 opes,
2328 2083 2372 2128 ar·

1378 2185 1434 2232 ces
1448 2176 1483 2233 et
1497 2162 1668 2232 exercitus
1688 2156 1872 2233 haberent.

1479 2322 1551 2393 Nec
1578 2324 1726 2394 omnino
1748 2349 1871 2395 verum
1897 2341 1948 2397 est
1964 2323 2122 2394 Pindari
2141 2324 2296 2409 dictum,
2318 2323 2377 2415 qui

1380 2419 1544 2519 physicos
1569 2426 1618 2494 ait
1639 2420 1787 2519 δρέπειν
1802 2422 1911 2520 ἀτελῆ
1927 2420 2075 2519 καρπὸν
2092 2420 2250 2522 σοφίας.
2296 2422 2377 2493 Non

1380 2550 1517 2617 semper
1532 2527 1754 2617 opitulantur
1767 2541 1868 2599 artes.
1901 2526 1977 2596 lmo
1995 2527 2115 2597 multa
2132 2541 2221 2598 sunt
2238 2528 2278 2595 in
2288 2527 2377 2595 mul-

1381 2628 1426 2698 tis
1450 2629 1604 2713 artibus,
1635 2629 1796 2697 noudum
1820 2628 1902 2697 satis
1925 2629 2113 2718 patefacta.
2174 2626 2378 2698 Fruendum

1383 2742 1433 2799 est
1455 2742 1573 2799 tamen
1594 2754 1633 2799 ea
1652 2729 1832 2810 doctrina,
1858 2754 1964 2822 quam
1984 2731 2129 2800 denset
2148 2730 2328 2822 conspici,
2351 2742 2380 2798 et

1382 2830 1639 2900 adminiculum
1653 2830 1798 2923 aliquod
1813 2831 1904 2901 vitae
1921 2853 1993 2900 esse
2010 2829 2147 2902 voluit.

1482 2989 1584 3069 Cum¹
1595 2991 1704 3080 igitur
1722 2987 1809 3061 haec
1830 2991 2022 3063 divinatrix
2043 2990 2090 3061 sit
2106 2987 2267 3088 physica
2281 3016 2382 3087 quas·

1383 3092 1466 3161 dam
1481 3105 1839 3182 temperamentorum
1855 3107 1890 3164 et
1904 3093 2192 3165 inclinationum
2210 3088 2384 3165 humana·

1382 3217 1463 3262 rum
1483 3194 1635 3285 aspectio
1658 3206 1693 3265 et
1717 3218 1899 3265 causarum
1922 3194 2135 3265 coelestium
2152 3196 2323 3282 collatio,
2345 3221 2382 3266 ex

1383 3317 1465 3363 vera
1488 3296 1701 3385 experientia
1724 3309 1896 3366 exstructa
1911 3320 1967 3365 ars
1982 3310 2055 3381 est,
2080 3310 2120 3365 et
2135 3321 2325 3382 concessa,
2350 3311 2383 3368 et

1382 3420 1451 3488 qua
1473 3397 1587 3465 bonae
1608 3407 1742 3467 mentes
1764 3399 1854 3467 bene
1886 3398 1938 3467 uti
1961 3410 2135 3488 possunt,
2168 3413 2211 3470 ut
2238 3399 2383 3469 medicis

1383 3497 1695 3588 praedictionibus.
1763 3496 1847 3569 ldeo
1871 3500 1958 3569 utile
1982 3511 2052 3583 est,
2086 3500 2263 3593 reliquias
2284 3513 2380 3570 vete-

1383 3623 1463 3668 rum
1484 3601 1695 3690 scriptorum
1718 3600 1755 3668 in
1777 3597 1846 3670 hoc
1868 3623 1994 3690 genere
2017 3602 2170 3674 servari.
2223 3599 2280 3671 Ae
2294 3595 2381 3676 mihi

1383 3699 1596 3769 clarissimus
1628 3702 1685 3769 vir
1712 3696 1876 3770 Ioannes
1904 3693 2138 3786 Schonerus,
2182 3727 2294 3797 quem
2323 3726 2381 3793 ego

1384 3825 1492 3892 paene
1512 3803 1625 3871 solum
1642 3798 1708 3870 hac
1725 3816 1844 3872 nostra
1863 3817 1973 3875 aetate
1988 3802 2165 3871 artificem
2182 3805 2222 3873 in
2239 3800 2310 3875 hoc
2325 3827 2383 3895 ge-

1383 3927 1468 3971 nere
1489 3926 1581 3984 esse,
1614 3927 1694 3971 vere
1721 3905 1927 3975 confirmare
1949 3928 2114 3995 possum,
2152 3907 2380 3976 utilissimam

1383 4028 1525 4094 operam
1551 4005 1764 4095 praestitisse
1786 4008 1942 4092 videtur,
1964 4007 2059 4097 quod
2085 4019 2122 4075 et
2147 4009 2196 4077 ab
2213 4009 2296 4078 aliis
2313 4022 2379 4077 tra-
2408 4063 2411 4068 .

1383 4105 1474 4187 dita,
1501 4121 1535 4176 et
1556 4130 1575 4174 a
1596 4130 1632 4173 se
1656 4106 1763 4195 longo
1779 4132 1846 4177 usu
1862 4109 2043 4177 observata
2060 4107 2098 4174 iu
2116 4133 2239 4178 unum
2258 4132 2377 4199 corpus

1382 4207 1507 4295 coegit,
1522 4221 1556 4275 et
1571 4221 1738 4298 tanquam
1748 4210 1932 4299 dissipatas
1946 4207 2097 4277 aedificii
2113 4225 2242 4298 partes
2264 4212 2377 4282 bellis·

1382 4305 1469 4374 sime
1490 4309 1676 4392 exstruxit,
1699 4322 1740 4378 ut
1761 4323 1836 4380 tota
1861 4334 1917 4379 ars
1937 4310 2013 4379 sine
2032 4333 2169 4398 magno
2193 4315 2338 4403 negotio
2357 4334 2375 4380 a

1381 4409 1548 4479 studiosis
1562 4410 1712 4499 perdisci
1727 4413 1846 4503 possit.
1896 4409 1975 4482 Etsi
1991 4409 2106 4496 enim,
2123 4427 2170 4482 ut
2188 4416 2302 4500 solet,
2314 4415 2374 4484 alia

1382 4525 1564 4601 praecepta
1580 4511 1658 4579 aliis
1672 4526 1756 4582 sunt
1772 4514 1945 4600 firmiora,
1966 4527 2083 4583 tamen
2100 4516 2306 4603 prudentes
2318 4518 2373 4584 de-

1381 4611 1510 4683 lectum
1541 4608 1710 4681 adhibere
1731 4628 1909 4704 poterunt.
1968 4611 2039 4681 Nec
2066 4636 2130 4681 sua
2162 4616 2277 4686 laude
2301 4618 2372 4686 ideo

1381 4707 1589 4782 Schonarns
1609 4714 1743 4803 privari
1765 4717 1885 4799 debet,
1910 4716 1970 4806 qui
1996 4712 2129 4802 insigni
2152 4701 2226 4788 hoc
2241 4743 2308 4788 suo
2326 4718 2373 4786 la-

1382 4818 1466 4886 bore
1482 4816 1517 4882 id
1535 4814 1622 4901 egit,
1648 4839 1692 4881 ne
1710 4840 1766 4884 ars
1784 4830 1855 4886 tota
1872 4831 1905 4886 et
1919 4840 2043 4905 magna
2061 4838 2143 4906 pars
2157 4841 2271 4889 verae
2287 4815 2372 4914 phy-

1380 4918 1467 4986 sices
1481 4914 1653 4988 interiret.
1689 4915 1785 4986 Haec
1803 4919 1911 5007 igitur
1926 4918 2038 5003 bonis,
2052 4919 2237 5001 studiosis,
2255 4945 2371 4991 aman·

1380 5019 1475 5089 tibus
1490 5013 1736 5109 philosophiae
1759 5033 1793 5087 et
1806 5020 1991 5088 universae
2006 5020 2212 5106 doctrinae,
2238 5025 2285 5092 de
2301 5047 2372 5092 mo·

1380 5120 1475 5191 tibus
1490 5134 1523 5189 et
1538 5119 1718 5190 effectibus
1733 5121 1941 5191 coelestibus
1957 5121 2122 5193 eduntur.
2178 5120 2230 5191 Hi
2245 5125 2371 5214 legant,

1380 5237 1414 5294 et
1435 5247 1508 5292 sese
1531 5222 1575 5289 ad
1600 5245 1756 5291 amorem
1778 5223 1939 5291 omnium
1961 5221 2138 5292 bonarum
2162 5224 2317 5311 artium,
2340 5238 2371 5295 et

1380 5326 1425 5393 ad
1451 5323 1699 5412 cogitationem
1723 5326 1767 5392 de
1791 5324 1938 5392 diversis
1960 5324 2073 5393 causis
2096 5325 2283 5397 actionum
2307 5323 2370 5398 hu·

1379 5449 1564 5494 manarum
1581 5437 1614 5492 et
1629 5426 1672 5492 de
1689 5438 1759 5494 tota
1774 5424 2028 5514 gubernatione
2039 5426 2132 5496 vitae
2147 5430 2371 5513 exsuscitent,

1379 5542 1431 5611 et,
1460 5540 1606 5595 naturae
1636 5525 1877 5595 infirmitatem
1907 5528 2212 5617 contemplantes,
2249 5533 2371 5601 conlu-

1303 5630 1310 5641 '
1379 5629 1480 5717 giunt
1507 5628 1551 5695 ad
1574 5628 1699 5710 deum,
1730 5642 1912 5697 aeternum
1938 5641 2071 5725 patrem
2095 5630 2240 5700 domini
2262 5632 2373 5704 nostri

1380 5728 1459 5799 lesu
1479 5723 1631 5813 Christi,
1665 5743 1699 5798 et
1727 5722 1832 5798 huius
1854 5730 2058 5798 mediatoris
2082 5729 2219 5805 fiducia
2246 5748 2375 5830 petant,

1379 5844 1420 5901 ut
1432 5828 1604 5900 divinitus
1619 5852 1783 5920 regamur
1797 5845 1831 5902 et
1847 5832 2090 5901 defendamur.
