5325 6917
495 728 643 803 701

499 899 716 972 hodie
758 900 1167 970 valetudine
1215 923 1497 991 quoque
1559 899 1947 991 impeditus
1992 923 2140 969 non
2191 900 2480 983 absolvi,

499 1005 779 1075 mittam
815 1002 1033 1093 igitur
1077 998 1206 1070 bac
1246 1001 1676 1092 septimana,
1725 1026 1807 1071 ac
1850 1001 2130 1071 veniam
2174 1016 2373 1094 peto,
2425 1002 2480 1071 si

497 1106 851 1187 fortassis,
905 1118 984 1173 ut
1026 1103 1322 1187 dicitur,
1363 1117 1523 1194 post
1561 1104 1908 1195 praelium
1949 1105 2152 1174 mitto
2200 1104 2480 1178 auxilia.

500 1207 665 1280 Scio
714 1208 1058 1296 ingratam
1105 1229 1250 1274 esse
1298 1207 1572 1275 tardam
1614 1206 1934 1295 gratiam.
2055 1206 2196 1276 Sed
2242 1219 2480 1276 tamen

498 1332 781 1380 caussae
829 1331 941 1375 me
991 1332 1139 1376 non
1181 1307 1418 1376 futiles
1459 1322 1875 1393 moverunt,
1921 1331 2140 1401 quare
2175 1309 2480 1401 putarim

498 1434 687 1479 meas
717 1410 1097 1479 sententias
1127 1410 1505 1479 mittendas
1534 1433 1700 1481 esse.

699 1526 807 1598 De
850 1529 1346 1599 concionatore
1408 1522 2087 1600 Wrthemensium
2130 1527 2480 1600 Ecclesia-

496 1656 657 1701 rum
689 1631 990 1701 scribam
1012 1685 1032 1714 ,
1082 1656 1244 1700 cum
1275 1632 1583 1723 aliquem
1614 1633 1703 1701 ad
1741 1654 1866 1700 vos
1894 1633 2195 1704 mittam.
2274 1630 2480 1701 Nunc

498 1734 690 1802 enim
739 1756 899 1802 cum
959 1732 1453 1804 intumuerunt
1518 1732 1853 1819 flumina,
1917 1757 2127 1804 nemo
2191 1732 2480 1824 suscipit

498 1836 667 1922 iter,
715 1834 911 1929 quod
940 1833 1213 1903 differri
1252 1847 1502 1925 potest.

700 1948 809 2019 De
843 1946 1024 2039 Rep.
1074 1945 1261 2019 nihil
1306 1951 1477 2020 novi
1521 1947 1770 2023 habeo.
1871 1950 2209 2023 Portenta
2257 1953 2480 2021 multa

431 2089 436 2095 ·
497 2053 805 2121 scribere
836 2073 1106 2139 possem
1128 2106 1149 2131 ,
1200 2053 1322 2121 sed
1352 2077 1499 2121 non
1521 2048 1855 2148 Physica:
1910 2079 2157 2125 verum
2189 2048 2480 2149 δύσφη-

494 2176 608 2246 μα
649 2153 940 2222 recitare
977 2153 1185 2237 nolo,
1236 2177 1317 2223 ac
1340 2152 1572 2225 Deum
1603 2157 1841 2248 potius
1873 2180 2157 2248 precor,
2206 2171 2287 2226 ut
2330 2158 2480 2246 ipse

492 2250 667 2322 haec
703 2253 1067 2323 doctrinae
1099 2278 1264 2325 suae
1299 2251 1605 2348 hospitia
1632 2270 1825 2348 regat
1852 2272 1918 2328 et
1948 2272 2215 2344 servet,
2247 2271 2318 2327 et
2351 2281 2480 2326 nos

496 2356 877 2444 gubernet,
939 2356 1065 2447 qui
1129 2357 1417 2449 quidem
1479 2359 1684 2428 toties
1731 2360 2147 2451 pollicetur,
2211 2381 2283 2427 se
2333 2382 2524 2428 non¹

498 2458 908 2526 defuturum
962 2480 1128 2526 suae
1179 2456 1570 2543 Ecclesiae,
1623 2473 1692 2530 et
1740 2484 1867 2531 suo
1906 2461 2225 2552 opificio,
2280 2474 2360 2530 ut
2403 2462 2480 2530 in

498 2557 811 2626 carmine
847 2572 969 2628 tuo
1003 2559 1280 2630 reddita
1317 2573 1420 2629 est
1450 2560 1720 2631 celestis
1760 2563 2128 2635 sententia.

662 2686 780 2771 οὐχ
807 2686 1013 2764 αὕτως
1033 2697 1323 2771 χωρεῖντε
1352 2687 1461 2778 ἐᾷ,
1507 2689 1704 2772 εἶκῆτε
1735 2688 2059 2777 φέρεσθαι.

494 2807 645 2879 Hac
690 2833 806 2878 me
850 2810 1334 2880 consolatione
1382 2812 1459 2879 in
1502 2812 1745 2881 multis
1776 2828 1842 2883 et
1872 2811 2146 2903 magnis
2179 2809 2480 2880 difficul—

495 2912 759 2982 tatibus
819 2925 1158 2985 sustent0.
1296 2906 1734 3011 Philippum
1799 2928 2105 2985 veterem
2174 2912 2480 2983 amicum

495 3027 859 3094 nostrum,
925 3016 1196 3085 bonum
1247 3016 1519 3101 virum,
1572 3021 1641 3086 et
1688 3017 2086 3086 litterarum
2126 3039 2203 3083 ac
2233 3010 2480 3085 Eccle-

362 3151 371 3158 ·
491 3114 633 3183 siae
700 3112 836 3184 Dei
900 3128 1250 3184 amantem
1315 3118 1576 3211 quaeso
1643 3132 1727 3190 ut
1789 3131 2109 3189 amanter
2162 3116 2480 3209 excipias,

491 3216 617 3308 qui
680 3215 1004 3286 narrabit
1067 3240 1279 3309 quam
1326 3218 1531 3287 avide
1582 3220 1914 3291 audiatur
1963 3236 2163 3292 tuum
2209 3226 2480 3308 poema.

491 3315 685 3488 gene
739 3318 915 3391 vale.
1017 3316 1261 3389 Primo
1304 3319 1418 3389 die
1457 3318 1700 3405 Veris,
1750 3335 1831 3391 ut
1881 3322 2254 3391 annotavit
2298 3317 2480 3391 Ovi-

547 3442 677 3489 ius.

1725 3520 1992 3618 Philip.
2029 3519 2383 3596 Melanth.

484 3931 620 4005 No.
653 3927 882 4004 3152.
2141 3951 2259 4011 12.
2300 3940 2478 4005 Mart.

1177 4124 1264 4216 C.
1318 4127 1800 4216 Pannonio.

686 4292 859 4361 Epist.
896 4289 989 4345 lib.
1027 4289 1093 4344 V.
1130 4308 1183 4361 p.
1220 4289 1323 4345 283
1357 4311 1438 4363 sq.

538 4442 1227 4545 Christophoro
1276 4442 1777 4521 Pannonio
1848 4450 2289 4552 (Theologo
2341 4457 2421 4529 in

1067 4546 1301 4627 Acad.
1354 4547 1910 4652 Francoford.)

479 4664 567 4757 S.
616 4682 705 4758 D.
811 4683 898 4753 In
960 4680 1096 4752 hoc
1142 4708 1491 4756 concursu
1533 4689 2121 4779 occupationum,
2188 4716 2348 4760 cum
2403 4706 2470 4763 et

479 4787 651 4858 ituri
694 4786 780 4856 ad
834 4784 1086 4855 Moeni
1126 4786 1351 4877 ripam
1393 4789 1711 4878 flagitant
1759 4790 2038 4875 literas,
2100 4806 2170 4861 et
2213 4794 2467 4884 scripta
2511 4795 2514 4848 1

481 4891 827 4981 quaedam
873 4890 960 4956 acl
992 4884 1443 4957 Conventum
1476 4891 1892 4963 adornanda
1930 4906 2133 4979 sunt,
2182 4895 2470 4966 brevior

480 5011 678 5069 sum,
728 4990 974 5079 scripsi
1005 5003 1240 5059 tamen
1271 4990 1541 5083 aliquid
1564 5036 1608 5075 ,-
1631 5008 1712 5063 ut
1756 5006 1947 5063 tuam
1985 4995 2465 5068 assiduitatem

480 5091 688 5163 alam.
794 5078 1159 5175 CaroluS,
1207 5088 1385 5183 Imp.
1418 5093 1691 5161 etiamsi
1732 5094 1822 5163 ad
1864 5087 2229 5189 πρότασιν
2270 5096 2467 5168 Con—

478 5206 732 5262 ventus
768 5182 857 5283 *)
899 5193 1171 5274 ,dicitur
1212 5216 1361 5261 non
1408 5194 1813 5264 adfuturus:
1881 5209 2119 5265 tamen
2166 5201 2463 5271 omnino
2499 5216 2500 5228 ¹

480 5294 922 5364 existimatur
954 5307 1295 5364 venturus
1327 5295 1416 5363 ad
1451 5296 1671 5386 ipsam
1704 5292 1954 5390 ἀκμήν
1984 5300 2463 5388 negociorum.

479 5388 942 5465 Granvelum
986 5396 1373 5486 praemittit
1403 5397 1994 5485 deliberaturum,
2043 5423 2192 5469 non
2233 5402 2460 5472 solum

478 5498 568 5566 de
614 5495 1061 5570 Germanicis
1101 5512 1170 5568 et
1210 5495 1645 5570 Pannonicis
1685 5502 2026 5593 negociis:
2085 5504 2207 5572 sed
2250 5505 2460 5574 etiam

543 5806 1428 5949 *hifipggpytluspyggog-matiemi„
1461 5814 1530 5870 de
1565 5835 1676 5890 qno
1714 5818 1825 5875 vid.
1863 5817 2106 5876 Sleidsni
2147 5817 2459 5878 Commeat.

1638 723 2510 802 EPISTULARUM
2640 723 2858 801 LIB.
2926 722 3055 796 lx.
3163 721 3427 800 1545.

2523 909 2525 912 ’
2576 898 2666 966 de
2706 892 3065 966 Ecclesiis.
3171 894 3440 967 Verum
3495 892 3666 967 baec
3711 897 4074 990 aliquanto
4113 910 4274 989 post
4303 900 4558 969 certius

2516 3839 2517 3844 ,
2573 3773 2965 3870 Aequiesco
2995 3778 3231 3866 legens
3260 3790 3417 3846 tuas
3449 3777 3711 3847 literas.

2559 5091 2691 5166 No.
2727 5058 2950 5171 31'54.

4423 729 4574 803 702

2576 998 2897 1072 sciemus.

2780 1131 2846 1203 A
2877 1129 3166 1203 Sabino
3201 1147 3268 1203 et
3297 1135 3442 1204 filia
3475 1128 3687 1204 hodie
3716 1134 3955 1204 literas
3980 1134 4253 1225 accepi,
4307 1149 4375 1206 te
4406 1161 4555 1217 oro,

2576 1251 2656 1308 ut
2683 1236 3166 1328 interdum-ad
3205 1260 3322 1306 eos
3363 1238 3644 1309 scribaS.
3745 1234 3825 1306 Si
3873 1231 4054 1305 mihi
4098 1249 4372 1306 tantum
4417 1239 4556 1308 ocii

2518 1390 2521 1432 ἐ
2577 1353 2786 1423 esset,
2836 1354 2916 1409 ut
2963 1341 3076 1408 vel
3126 1339 3482 1430 paulisper
3522 1338 3856 1429 expatiari
3887 1361 4198 1429 possem,
4251 1334 4387 1408 hoc
4419 1337 4560 1410 Pa·-

2518 1458 2521 1480 *
2575 1437 2810 1510 schate
2861 1441 3336 1532 proficiscerer
3378 1443 3466 1509 ad
3516 1441 3772 1524 filiam,
3848 1464 3989 1533 quo
4038 1441 4119 1508 in
4182 1440 4436 1510 itinere
4489 1454 4555 1511 te

2577 1567 2859 1635 quoque
2903 1543 3223 1615 viserem.
3342 1541 3484 1612 Sed
3544 1542 3857 1611 fortassis
3914 1556 4184 1633 tempus
4231 1543 4558 1614 ostendet

2575 1644 2974 1715 consilium.
3061 1642 3256 1714 Bene
3284 1646 3479 1725 vale,
3532 1659 3602 1715 et
3635 1645 3957 1718 rescribe.
4030 1641 4169 1713 Die
4205 1642 4556 1733 Gregorii.

3581 1775 3957 1873 Philippus
4009 1775 4459 1857 Melanthon.

2589 2030 2777 2041 —.—
2789 2034 2795 2039 .
2812 2032 3277 2041 ——-.----.—.-0·-----„—
3288 2034 3325 2040 .--

3336 2034 3901 2042 Μ--.--.-----.-.-

3959 2212 4053 2293 (h.
4087 2227 4132 2278 t.
4163 2228 4232 2274 nt
4259 2209 4559 2296 videtur.)

3284 2407 3364 2490 I.
3438 2408 3568 2497 W
3570 2408 3860 2493 dicho.

2750 2567 2813 2629 ’1-
2847 2560 2923 2615 Ex
2961 2563 3271 2635 apographo
3311 2562 3369 2616 in
3406 2566 3532 2620 cod.
3568 2566 3739 2622 Paris.
3764 2567 3837 2622 D.
3872 2565 3934 2623 1..
3972 2566 4092 2621 54³.

2574 2712 3026 2790 Clarissimo
3061 2719 3250 2807 viro,
3303 2718 3707 2794 eruditione
3736 2732 3797 2794 et
3835 2723 4093 2793 virtute
4121 2718 4560 2819 praestanti,

2572 2818 2684 2895 D.
2736 2816 2843 2890 Io
2865 2817 3083 2892 doco
3151 2819 3632 2908 Wilicho,
3709 2823 3781 2900 d.
3851 2823 4041 2898 artis
4107 2820 4425 2893 medicae
4495 2829 4557 2889 el

2650 2920 3030 2992 universae
3072 2916 3629 3019 philosophiae,
3679 2926 3917 2996 amico
3957 2951 4090 2996 suo
4138 2919 4487 3020 cari55.*)

2574 3049 2666 3139 S.
2705 3061 2797 3137 D.
2898 3062 3305 3135 Clarissime
3333 3066 3447 3133 vir
3491 3079 3560 3135 et
3600 3066 3820 3134 amice
3853 3063 4230 3133 carissime.
4336 3063 4561 3153 Saepe

2575 3167 2856 3237 decrevi
2905 3179 3069 3236 ante
3121 3167 3392 3259 aliquot
3432 3189 3659 3235 annos
3688 3168 3776 3235 ad
3829 3179 3897 3235 te
3923 3163 4298 3254 expatiari,
4343 3176 4448 3248 et,
4498 3165 4561 3233 si

2577 3292 2896 3360 possem,
2950 3270 3456 3338 consuetudine
3487 3281 3608 3337 tua
3650 3282 3716 3337 et
3749 3266 4171 3337 doctissimis
4211 3263 4560 3334 sermoni-

2573 3373 2708 3441 bus
2743 3393 3015 3438 menses
3055 3371 3327 3463 aliquot
3360 3371 3538 3454 frui,
3590 3370 3806 3463 idque
3833 3370 4098 3451 facere,
4151 3389 4365 3459 quam
4408 3365 4562 3457 pri-

2572 3497 2772 3544 mum
2835 3485 3125 3563 potero,
3191 3473 3544 3541 constitui.
3645 3470 3882 3541 Multa
3951 3481 4120 3539 sunt
4185 3467 4411 3551 enim,
4471 3470 4558 3537 de

2573 3575 2836 3668 quibus
2865 3573 3046 3642 serio
3080 3586 3235 3641 tuas
3261 3573 3646 3642 sententias
3678 3572 4016 3641 sciscitari
4043 3570 4277 3661 cupio.
4342 3566 4561 3657 Quod

2572 3677 2716 3745 iam
2747 3690 3066 3745 amanter
3100 3676 3187 3743 ad
3228 3700 3341 3744 me
3372 3675 3746 3765 scripsisti,
3784 3673 4081 3763 gratiam
4126 3672 4261 3740 tibi
4302 3666 4557 3744 haben.

3816 3770 4115 3844 Gaudeo
4143 3773 4373 3856 enim,
4414 3773 4553 3842 tale

2570 3892 3070 3948 ornamentum
3118 3901 3266 3946 non
3313 3878 3543 3946 solum
3587 3888 3826 3945 coetus
3870 3874 4136 3945 literati
4177 3875 4300 3944 sed
4337 3875 4553 3942 etiam

2567 3977 2920 4050 Ecclesiae
2962 3975 3100 4045 Dei
3145 3979 3503 4071 reliquum
3548 4002 3693 4047 esse
3737 3972 3874 4046 hoc
3930 3990 4282 4068 tempore,
4346 3974 4555 4067 quale

2509 4097 2522 4170 ιι
2568 4096 2672 4152 est
2703 4079 3010 4149 eruditio
3040 4092 3158 4150 tua
3204 4081 3283 4148 in
3309 4080 3506 4150 omni
3533 4079 3897 4151 doctrinae
3923 4102 4212 4169 genere,
4250 4076 4554 4146 coniun-

2568 4198 2678 4254 cta
2710 4206 2868 4252 cum
2902 4181 3262 4271 agnitione
3292 4206 3455 4251 vera
3480 4179 3642 4256 Dei.
3746 4181 3854 4251 Te
3884 4183 4114 4276 ‚igitur
4152 4192 4220 4248 et
4264 4177 4468 4265 diligi
4511 4202 4550 4244 a

2564 4309 2680 4354 me
2727 4298 2794 4353 et
2836 4296 3127 4375 propter
3168 4285 3595 4354 eruditionis
3622 4310 3702 4354 ac
3733 4284 4015 4354 virtutis
4049 4278 4550 4371 praestantiam

2506 4428 2508 4432 ,
2566 4409 2735 4455 vero
2783 4386 3020 4456 studio
3050 4385 3190 4455 coli
3217 4399 3500 4459 statuas.
3604 4381 3929 4455 Omnino
3962 4381 4239 4454 decrevi
4274 4381 4362 4450 de
4387 4377 4550 4473 qui-

2562 4488 2863 4558 busdam
2905 4483 3418 4581 philosophicis
3469 4487 4001 4581 quaestionibus
4048 4499 4281 4556 tecum
4327 4481 4552 4552 collo-

2562 4591 2713 4683 qui.
2815 4586 2900 4659 B.
2950 4587 3042 4663 V.

4048 4682 4241 4760 Phil.
4273 4683 4448 4754 Mel.

2839 4934 3043 4941 —-——-—-
3128 4934 3413 4942 -----—----.
3432 4933 3869 4942 ——-—-—-—---—-..--0

4220 5111 4250 5169 1
4268 5103 4334 5166 4.
4363 5096 4541 5162 Mart.

4189 5189 4531 5217 Μ

3249 5304 3369 5387 Μ.
3437 5298 3849 5406 Gilberw.

2755 5465 2796 5524 †
2831 5458 2908 5512 Ex
2947 5462 3259 5535 apographo
3289 5462 3476 5516 navari
3511 5463 3635 5516 Vol.
3665 5463 3707 5516 1.
3737 5482 3790 5533 p.
3819 5462 3942 5516 967.

3447 5774 3479 5788 ὤ

2621 5820 2681 5892 *)
2718 5818 3070 5876 francofurti
3112 5801 3185 5871 'ad
3227 5814 3505 5871 viadrum.
3586 5815 3710 5872 vid.
3760 5834 3849 5888 ep.
3894 5814 3961 5869 ad
3996 5809 4348 5868 Pannonium
4389 5811 4442 5865 d.
4480 5811 4536 5864 d.

2689 5890 2779 5945 22.
2814 5892 2933 5946 lan.
2969 5889 3126 5944 1545.
