5325 6917
477 696 629 769 697

483 867 619 940 No,
654 860 879 935 3148.

496 960 841 993 m

2164 873 2231 931 7.
2255 863 2432 926 Mart.

1191 1045 1262 1124 1.
1322 1041 1827 1155 Agricolae.

629 1220 666 1283 1-
707 1213 782 1266 Ex
817 1206 1150 1279 autographo
1186 1204 1422 1277 Philippi
1463 1205 1522 1259 in
1559 1206 1684 1261 cod.
1725 1205 1895 1261 Rhed.
1917 1202 2045 1257 Vol.
2069 1202 2136 1255 V.
2175 1230 2246 1245 —
2316 1201 2475 1255 Con-

697 1281 794 1336 tuli
833 1280 992 1333 etiam
1028 1275 1379 1348 apographon
1414 1274 1472 1328 in
1514 1275 1641 1330 cod.
1678 1274 1847 1330 Paris.
1885 1273 1957 1327 D.
1995 1274 2059 1325 1...
2103 1273 2170 1326 54
2186 1276 2226 1329 ³.

490 1434 810 1514 ClarisS.
878 1434 1069 1516 viro,
1140 1428 1545 1503 eruditione
1612 1442 1675 1502 et
1732 1430 1989 1500 virtute
2037 1427 2474 1528 praestanti,

489 1544 599 1618 D.
650 1534 1086 1612 Iohanni
1153 1533 1658 1630 Agricolae
1724 1530 2295 1614 Islebiensi‚
2355 1531 2474 1627 pie

1205 1749 1267 1810 et
1322 1738 1711 1809 carissimo
1725 1793 1746 1825 ‚

487 1862 588 1952 Si
620 1876 712 1950 Ι),
816 1872 1142 1943 Gratiam
1180 1872 1317 1942 t1b1
1360 1865 1627 1957 habeo,
1689 1871 1882 1966 quod
1928 1863 2108 1937 m1h1
2153 1883 2475 1940 amanter
2515 1891 2526 1960 [3
2567 1921 2731 1990 Tuo
2780 1922 2993 1992 etiam
3044 1924 3240 1993 luem
3292 1949 3623 2009 moveor,
3701 1925 3827 2018 qui
3876 1924 4084 1995 mum
4137 1936 4206 1993 et
4261 1937 4551 2015 propter

490 1974 937 2072 respondisti.
1042 1971 1228 2042 Vere
1262 1973 1449 2041 enim
1483 1974 1819 2057 adfirm0,
1873 1986 1941 2043 te
1978 1995 2017 2040 a
2062 1995 2174 2039 me
2206 1972 2472 2041 sincere

490 2083 728 2171 diligi,
792 2099 1046 2169 meque
1092 2089 1371 2167 optare,
1435 2089 1516 2145 ut
1572 2075 1760 2144 inter
1806 2098 1936 2143 nos
1976 2074 2472 2143 benevolentia

487 2194 825 2279 perpetua
859 2179 950 2248 sit
970 2169 1065 2273 ¹¹⁸).
1169 2170 1505 2246 Arbitror
1537 2178 1749 2246 etiam
1774 2232 1794 2261 ,
1847 2176 2277 2267 reipublicae
2304 2200 2472 2268 pro-

489 2292 684 2357 desse
726 2293 1042 2350 nostram
1087 2279 1683 2351 coniunctionem.
1784 2276 1993 2349 Certe
2041 2278 2119 2345 in
2170 2278 2312 2346 vita
2354 2301 2471 2346 ae-

489 2406 689 2459 terna
748 2384 883 2454 erit
940 2383 1377 2451 consuetudo
1428 2381 1743 2464 dulcior,
1791 2380 1852 2449 si
1897 2375 2016 2448 hic
2062 2379 2370 2450 amicitia
2403 2375 2471 2473 ¹)

488 2485 820 2559 inchoata
847 2508 999 2572 non
1023 2483 1239 2554 fuerit
1266 2483 1685 2572 interrupta.

691 2581 1061 2679 Georgius
1077 2577 1193 2677 **)
1213 2578 1603 2653 honorifice
1620 2583 1707 2652 de
1738 2595 1804 2652 te
1820 2584 2005 2674 apud
2028 2577 2472 2668 Lulherum,

487 2720 639 2778 me,
694 2703 762 2758 et
814 2690 992 2757 alios
1036 2688 1314 2756 loeutus
1359 2698 1500 2769 est,
1554 2698 1762 2777 teque
1817 2681 2117 2779 rogo²),
2185 2700 2264 2755 ut
2311 2708 2473 2754 eum

485 2790 990 2885 complectaris,
1094 2785 1201 2856 De
1236 2787 1597 2878 republica
1628 2810 1820 2856 nunc
1855 2783 2135 2881 quod³)
2172 2787 2473 2855 scribam

486 2923 635 2968 non
669 2892 921 2965 habeo.
1038 2884 1192 2978 Ego
1230 2888 1578 2958 mediocri
1610 2888 2015 2958 assiduitate
2040 2913 2276 2957 meum
2308 2886 2467 2954 offi-

487 3003 675 3071 cium
704 2998 783 3064 in
811 2990 947 3063 hoc
976 2986 1394 3060 scholastico
1423 3013 1716 3060 munere
1736 3045 1756 3074 ,
1806 2988 1959 3059 Deo
2001 2990 2322 3073 iuvante,
2365 2989 2475 3057 sa-

488 3103 707 3182 ciam,
754 3109 822 3165 et
868 3095 1094 3163 exitus
1122 3087 1278 3160 Deo
1310 3093 1843 3165 commendabo,
1944 3087 2270 3161 Christus
2315 3091 2474 3182 pol-

489 3206 746 3273 licetur
790 3196 911 3281 iis,
963 3194 1089 3287 qui
1132 3193 1209 3260 in
1255 3193 1406 3283 ipso
1456 3206 1788 3277 manent,
1837 3194 2149 3264 fructum
2190 3216 2305 3261 eos
2354 3217 2472 3262 co·-

487 3306 767 3397 piosum
802 3301 1111 3367 facturos
1142 3317 1309 3363 esse.
1413 3293 1652 3386 Ipsum
1695 3295 1909 3383 igitur
1935 3316 2101 3380 oro,
2152 3308 2230 3363 ut
2275 3295 2476 3363 labo-

486 3432 597 3478 res
651 3415 930 3472 nostros
976 3391 1340 3489 provehat.
1445 3395 1767 3467 Scribam
1800 3393 2062 3488 alias⁴)
2101 3397 2473 3487 copiosiuS.

484 3508 677 3578 Bene
710 3504 888 3576 vale,
987 3497 1124 3569 Die
1157 3499 1226 3571 7.
1255 3495 1621 3588 Martii.⁵)

1516 3594 1896 3691 Philippus
1926 3592 2375 3668 Melanthon.

957 3814 996 3821 -
1007 3811 1262 3821 --—-—--.-
1271 3810 1318 3817 ..—

500 3818 648 3833 ρ

2207 3966 2271 4026 9.
2291 3956 2467 4021 Mart.

2196 4048 2454 4072 M

483 3961 617 4035 No.
648 3954 869 4030 3149.

1009 4129 1381 4245 Geor-gio
1440 4131 1956 4220 Anhaltino.

622 4298 889 4357 Melanth.
927 4294 1111 4350 select.
1143 4292 1311 4362 Epist.
1338 4291 1456 4345 284.
1530 4291 1666 4345 Mel.
1707 4292 1859 4374 epist.
1908 4290 1999 4347 lib.
2025 4299 2067 4349 1.
2107 4314 2158 4377 p.
2188 4296 2277 4350 96.
2305 4295 2464 4362 (edit.

684 4368 862 4422 Lond‚
889 4367 981 4421 lib,
1011 4364 1050 4418 1.
1076 4384 1103 4416 e
1147 4400 1157 4411 .
1189 4363 1302 4428 44.)
1340 4391 1409 4399 —
1462 4360 1608 4413 ldem
1635 4362 1692 4413 in
1708 4359 1964 4431 Epistolis
1991 4364 2058 4416 ad
2088 4366 2462 4419 Lamerarium

688 4457 744 4509 p.
765 4438 884 4490 510.
921 4444 974 4486 et
1011 4434 1067 4486 in
1105 4383 1241 4486 Klel.
1283 4430 1424 4483 libro
1465 4430 1558 4484 ΙΙΙ.
1605 4430 1756 4501 epist.
1800 4448 1853 4499 p.
1884 4430 1999 4485 128.
2037 4433 2117 4499 (in
2154 4434 2282 4487 edit.
2313 4435 2465 4487 Lon-

692 4506 806 4560 din.
833 4504 930 4557 lib.
960 4501 1053 4556 lll.
1089 4520 1204 4555 non
1233 4498 1502 4568 repetita.)
1535 4527 1607 4539 —
1678 4497 2007 4569 Apompha
2045 4501 2100 4552 in
2139 4501 2264 4555 cod.
2302 4503 2467 4558 Goth.

691 4574 805 4629 190.
833 4592 888 4646 p.
914 4573 1069 4637 254„
1095 4570 1148 4623 in
1175 4568 1301 4625 cod.
1326 4567 1491 4625 Goth.
1521 4568 1639 4622 191.
1669 4586 1722 4638 p.
1746 4542 1917 4634 ssb„
1959 4578 2013 4622 et
2048 4568 2104 4621 in
2147 4570 2269 4623 cod.
2303 4569 2466 4629 Goth,

681 4645 804 4702 899.
828 4662 882 4715 p.
908 4642 993 4695 88.

546 4942 605 5013 ¹⁸¹)
643 4939 899 5014 Agricola
925 4955 990 4991 eo
1033 4946 1279 5005 tempore
1307 4931 1609 5013 secundum
1637 4932 1970 4987 voluntatem
1998 4931 2270 5005 Principis
2295 4932 2466 4994 Elect.

616 5009 929 5064 Bnndenb.
967 5007 1023 5061 in
1060 5003 1285 5076 gratiam
1325 5019 1452 5056 cum
1480 4997 1961 5071 Vntebergenaibuc
1998 5003 2189 5071 rediit,
2225 5012 2277 5057 et
2319 5006 2461 5059 anti-

618 5078 895 5132 nomiamo
921 5073 1189 5130 valedixit.

553 5165 604 5230 1)
641 5163 731 5216 hic
752 5160 1032 5227 amicicia]
1070 5157 1198 5215 cod.
1223 5157 1347 5208 Par.
1376 5155 1487 5207 hae
1514 5151 1747 5215 debitum
1784 5151 2063 5207 mendose.

545 5249 643 5319 **)
691 5244 1061 5312 Buchholzer‚
1114 5261 1362 5317 praepos.
1401 5236 1640 5293 Berolin.
1741 5239 1793 5291 Is
1834 5237 2051 5294 videtur
2096 5237 2459 5315 Witebergae

612 5320 779 5374 fuisse
796 5358 815 5387 ,
855 5324 915 5370 ut
947 5313 1315 5435 colln93endum
1344 5317 1422 5364 ent
1450 5326 1511 5361 ex
1539 5306 1693 5378 epist.
1729 5303 1947 5360 Lutheri
1982 5305 2050 5388 ad
2078 5308 2459 5365 Mat-ebionem

614 5388 923 5443 Elector-em
964 5383 1019 5436 d.
1094 5419 1111 5436 .
1157 5380 1341 5436 Martii
1379 5376 1533 5434 1545,
1612 5374 1731 5431 Hoc
1776 5394 1920 5428 anno
1961 5374 2057 5428 tihi
2101 5376 2459 5434 Buchholzeri

611 5465 889 5515 venerunt
933 5453 989 5507 in
1022 5450 1373 5506 Academiam
1411 5445 1925 5517 Witebergensem.
2002 5444 2126 5497 Vid.
2170 5446 2329 5500 etiam
2373 5468 2457 5519 ep,

609 5526 665 5580 d.
695 5527 783 5582 16,
811 5523 983 5577 Mart.
1007 5519 1172 5575 infra.

537 5612 607 5683 2)
641 5614 805 5679 rogo]
841 5606 970 5664 cod.
1000 5604 1170 5659 Paris.
1202 5601 1320 5656 oro,

537 5695 596 5764 8)
641 5693 782 5751 Cod.
808 5692 978 5748 Paris.
1012 5687 1166 5759 quid.

539 5784 596 5851 4)
634 5783 810 5848 οιίω]
845 5778 969 5835 cod.
994 5775 1118 5831 Par.
1147 5773 1471 5842 αἶίᾳυᾳηδο.

539 5867 595 5936 5)
633 5865 775 5924 cod,
803 5866 926 5922 Par.
951 5863 1005 5918 ⁴.
1033 5857 1189 5916 noti.

1654 684 2529 761 EPISTOLARUM
2583 679 2592 685 ’
2644 684 2858 761 LIB,
2910 684 3036 756 IX.
3141 684 3408 764 1545.

4403 689 4553 764 698

2733 852 2841 925 D.
2894 850 3306 952 Georgio
3357 852 3793 954 Principi
3838 853 4391 931 Anhaldino

2514 1031 2515 1038 ¹
2566 981 2654 1073 S.
2707 1002 2797 1079 D.
2901 1004 3086 1076 Cum
3130 1002 3248 1076 hic
3293 1007 3625 1077 nunciata
3671 1000 3858 1102 est¹)
3891 1029 4082 1075 mors
4118 1009 4256 1076 viri
4299 1009 4550 1101 optimi

2567 1100 2885 1199 Georgii
2905 1101 3259 1203 Helii*),
3308 1110 3542 1180 subita
3596 1108 4164 1178 consternatione
4202 1134 4380 1201 pene
4428 1134 4550 1180 ex-

2567 1210 2919 1281 animatus
2947 1235 3102 1281 sum
3123 1266 3143 1295 ‚
3195 1236 3273 1280 ac
3306 1213 3538 1282 statim
3573 1225 3809 1302 postea
3839 1211 4149 1301 comperi
4182 1213 4550 1302 publicum

2523 1326 2526 1370 2
2570 1335 2713 1380 esse
2763 1313 3033 1383 luctum
3087 1314 3407 1383 bmnium
3462 1308 3926 1383 honestorum
3993 1314 4220 1382 nostri
4272 1313 4547 1382 ordinis

2567 1408 2983 1500 hominum,
3033 1417 3221 1507 quod
3260 1441 3468 1484 nemo
3512 1440 3660 1484 non
3692 1415 4016 1484 dilexerit
4055 1439 4217 1484 eum
4260 1430 4552 1507 propter

2567 1515 2894 1585 eximiam
2924 1518 3285 1589 virtutem,
3373 1516 3583 1586 Meus
3610 1542 3777 1586 vero
3814 1517 4020 1586 dolor
4050 1542 4133 1586 eo
4168 1518 4399 1587 maior
4427 1532 4552 1601 est,
4610 1542 4615 1546 ·

487 1641 942 1742 gubernanti
991 1636 1328 1709 ecclesia,-
1382 1637 1461 1706 in
1506 1629 1920 1720 Marchia‚
1973 1635 2212 1705 amico
2263 1631 2479 1703 „egeri
2515 1634 2524 1695 'a
2567 1618 2777 1709 quod,
2795 1632 2863 1686 et
2896 1620 3203 1688 amicitia
3234 1620 3419 1689 inter
3451 1642 3581 1689 nos
3613 1620 3748 1688 fuit
3782 1619 4222 1698 dulcissima,
4278 1632 4347 1688 et
4385 1643 4548 1689 cum

2568 1713 2745 1786 mihi
2813 1720 3235 1790 familiarius
3309 1736 3520 1792 notus
3597 1721 3841 1805 suerit,
3921 1720 4142 1809 magis
4205 1720 4551 1810 intelligo,

2567 1834 2908 1913 quantam
2973 1824 3124 1890 eius
3187 1823 3481 1892 interitu
3537 1824 3877 1892 iacturam
3931 1822 4174 1892 fecerit
4228 1820 4549 1913 Respub.

2566 2048 2918 2108 amorem,
2952 2051 3093 2117 quo
3129 2051 3287 2094 eum
3325 2028 3734 2117 complexus
3769 2049 3876 2109 eS,
3918 2040 3984 2096 et
4022 2023 4551 2117 propterRem-

2568 2126 2925 2217 publicam
2971 2128 3345 2200 desideras,
3449 2127 3745 2216 Quoties
3796 2129 3938 2195 iam
3985 2128 4064 2195 in
4095 2118 4553 2198 deliberatio-

2566 2227 2778 2296 nibus
2813 2253 3050 2297 rerum
3080 2252 3496 2317 magnarum
3527 2232 3774 2299 sedens
3789 2225 3886 2323 ²),
3929 2254 4008 2299 ac
4037 2229 4273 2298 locum
4300 2231 4379 2297 in
4406 2252 4548 2321 quo

2566 2332 2990 2420 respondere
3057 2355 3136 2399 ac
3200 2332 3517 2400 conferre
3585 2333 4005 2401 sententiam
4060 2332 4367 2417 solebat,
4435 2331 4554 2398 in·-

2566 2444 2770 2500 tuens
2821 2457 2982 2500 eum
3018 2432 3390 2524 requires?
3478 2430 3635 2503 Etsi
3684 2446 3922 2503 autem
3977 2434 4296 2502 dolorem
4346 2446 4551 2501 tuum

2564 2533 2739 2601 adeo
2775 2557 2922 2601 non
2955 2529 3398 2624 reprehendo
3418 2588 3438 2617 ‚
3489 2547 3570 2605 ut
3602 2535 3898 2627 probem
3929 2535 4142 2604 etiam
4175 2548 4246 2605 et
4271 2534 4550 2622 insigne

2565 2634 2920 2726 specimen
2984 2660 3129 2705 esse
3188 2636 3470 2727 pietatis
3526 2638 3808 2706 ducam:
3887 2649 4123 2705 tamen
4183 2647 4552 2726 praecepta

2566 2737 2806 2804 eadem
2827 2761 3004 2830 quae
3037 2738 3112 2805 in
3143 2737 3434 2808 caeteris
3467 2738 3741 2828 magnis
3768 2737 4124 2806 aerumnis
4151 2738 4357 2806 nobis
4383 2760 4554 2828 pro-

2568 2838 2938 2926 ponimus,
3004 2834 3123 2907 hic
3182 2840 3587 2928 cogitemus.
3704 2839 4077 2909 Desiderio
4146 2862 4276 2908 nos
4345 2838 4552 2908 adfici

2568 2952 2975 3006 nostrorum
3004 2937 3156 3006 vult
3175 2936 3367 3006 Deus
3388 2993 3408 3022 ,
3454 2941 3610 3010 vult
3647 2964 3779 3008 nos
3806 2942 3971 3028 angi
4006 2955 4072 3010 et
4104 2942 4378 3010 dolere:
4425 2963 4555 3009 nec

2566 3039 2763 3107 illam
2810 3040 3253 3124 torvitatem,
3319 3062 3442 3107 seu
3489 3041 4002 3108 immanitatem
4048 3041 4323 3130 potius,
4376 3065 4555 3134 quae

2566 3136 2753 3209 nihil
2800 3157 3126 3212 movetur
3157 3140 3420 3232 asperis
3467 3142 3679 3211 rebus
3711 3164 3833 3209 seu
3868 3141 4177 3232 propriis
4218 3163 4340 3209 seu
4375 3141 4554 3209 ami-

2568 3266 2848 3327 corum,
2893 3244 3168 3334 prohat,
3273 3238 3380 3310 Ac
3407 3241 3637 3311 Filius
3663 3239 3798 3311 Dei
3832 3266 4036 3332 saepe
4071 3242 4349 3332 expavit
4377 3243 4554 3332 ipse,

2569 3345 2985 3438 lacrymavit
3047 3358 3115 3414 et
3160 3344 3628 3414 acerbissimis
3675 3343 4043 3414 doloribus
4109 3344 4554 3416 conflictatus

2569 3460 2694 3519 est.
2798 3445 2940 3516 Sed
2972 3446 3184 3515 simul
3215 3447 3554 3537 praecipit
3587 3445 3820 3530 DeuS,
3861 3460 3942 3517 ut
3973 3445 4397 3535 cogitatione
4427 3471 4554 3515 vo·-

2565 3548 2860 3617 luntatis
2887 3572 3053 3617 suae
3078 3564 3144 3617 et
3174 3562 3620 3617 aeternorum
3655 3548 4034 3630 bonorum,
4068 3571 4247 3639 quae
4282 3548 4553 3639 promi-

2568 3650 2657 3718 sit
2689 3650 2876 3732 suis‚
2928 3673 3105 3743 quos
3148 3674 3229 3718 ex
3269 3647 3399 3719 hac
3435 3652 3577 3720 vita
3609 3662 3887 3734 evocat,
3940 3650 4368 3720 moestitiam
4395 3675 4553 3719 mo-

2567 3753 2937 3832 deremur,
2999 3767 3066 3823 et
3110 3751 3450 3843 paulatim
3502 3753 3777 3820 animos
3825 3751 4213 3840 erigamuS,
4283 3776 4364 3821 ac
4408 3752 4553 3820 illis

2568 3853 2804 3943 potius
2846 3848 3018 3921 haec
3062 3854 3250 3923 bona
3285 3853 3752 3942 gratulemur,
3797 3876 4008 3944 quam
4040 3867 4284 3922 nostra
4330 3855 4552 3922 iactu-

2566 3979 2641 4025 ra
2677 3976 3044 4041 angamur.
3088 3952 3254 4021 Non
3285 3977 3527 4022 sumus
3556 3953 3648 4037 ii,
3681 3954 3805 4047 qui
3838 3949 4199 4039 homines,
4221 3967 4302 4024 ut
4336 3979 4551 4045 pecu-

2519 4098 2522 4141 ,1
2564 4058 2687 4124 des
2718 4055 2912 4123 nasci
2945 4068 3011 4124 et
3041 4055 3390 4144 exstingui
3422 4068 3723 4141 tantum,
3749 4070 3831 4126 ut
3853 4053 4168 4151 ferunt³)
4197 4057 4380 4125 vices
4397 4080 4548 4125 ma-

2564 4158 2778 4227 teriae
2798 4207 2818 4236 ,
2854 4181 2982 4225 nec
3013 4170 3274 4226 restare
3306 4157 3514 4226 nobis
3546 4158 3757 4227 aliam
3789 4158 4144 4227 civitatem
4179 4158 4546 4226 meliorem

2562 4260 3019 4329 arbitremur:
3090 4256 3274 4343 Sed,
3325 4274 3402 4328 ut
3438 4259 3516 4327 in
3550 4257 3863 4329 Ecclesia
3892 4284 4027 4328 vox
4057 4256 4193 4327 Dei
4221 4283 4349 4327 nos
4384 4282 4546 4327 eru-

2563 4361 2731 4443 «tiit,
2786 4360 3048 4429 scimus
3097 4360 3219 4445 iis,
3286 4360 3408 4454 qui
3461 4357 3931 4449 Evangelium
3992 4360 4297 4449 amplexi
4362 4373 4549 4443 sunt,

2559 4475 2844 4531 aeterna
2894 4462 3203 4550 praemia
3251 4462 3608 4553 proposita
3650 4484 3817 4534 esse.
3945 4457 4266 4530 Ardebat
4307 4475 4543 4531 autem

2562 4558 2804 4654 pect'us
2820 4554 3132 4655 Georgii
3154 4588 3393 4633 amore
3421 4560 3591 4631 Filii
3620 4559 3756 4631 Dei
3789 4559 4085 4631 Domini
4121 4563 4347 4633 nostri
4388 4560 4547 4632 Iesu

2515 4697 2518 4755 g
2560 4660 2868 4750 Christi,
2919 4666 3014 4734 ita
3046 4678 3127 4734 ut
3160 4678 3423 4734 caetera
3465 4666 3538 4732 in
3575 4666 3718 4735 vita
3748 4665 3988 4733 omnia
4018 4667 4307 4734 duceret
4334 4664 4542 4754 longe

2560 4766 2923 4839 inferiora.

3038 4763 3136 4836 Et
3181 4764 3556 4855 Evangelii
3602 4767 4184 4859 propagationem
4230 4767 4540 4836 studiose

2560 4866 2974 4953 adiuvabat,
3017 4882 3086 4937 et
3113 4869 3201 4937 ad
3233 4862 3370 4939 hoc
3400 4870 3609 4937 decus
3635 4869 4064 4956 adiungebat
4094 4892 4340 4938 omnes
4371 4868 4542 4936 alias

2559 4969 2895 5054 virtutes,
2962 4993 3137 5062 quae
3188 4970 3266 5038 in
3327 4970 3664 5038 membris
3719 4964 3989 5039 Christi
4048 4994 4192 5039 esse
4259 4971 4541 5039 debent.

2554 5069 2880 5166 Cumque
2923 5085 3101 5141 esset
3145 5072 3223 5138 in
3264 5072 3503 5140 dando
3554 5072 3851 5140 consilio
3902 5095 4047 5140 non
4099 5072 4326 5142 solum
4363 5096 4539 5162 pru-

2503 5218 2513 5233 „
2556 5173 2734 5244 dens
2788 5188 2859 5244 et
2910 5173 3180 5256 fidelis,
3248 5174 3368 5242 sed
3429 5173 3640 5244 etiam
3700 5172 3903 5257 felix,
3970 5197 4119 5242 non
4165 5162 4418 5245 dubito
4471 5174 4534 5241 ei

2508 5527 2509 5530 η
2623 5486 2678 5552 1)
2715 5494 2860 5537 esset
2896 5483 3051 5540 Cam.

2620 5581 2688 5654 *)
2727 5582 2788 5635 ln
2825 5583 2956 5664 cod.
2986 5581 3152 5640 Goth.
3175 5584 3298 5640 899.
3341 5585 3518 5640 adseri
3559 5597 3674 5642 tum
3714 5601 3822 5644 estt
3858 5590 3991 5644 obiit
4033 5589 4117 5642 die
4148 5588 4373 5643 Veneris
4410 5597 4531 5661 pont

2692 5652 3020 5707 dominicam
3049 5652 3447 5720 Remiuiscere,
3480 5656 3496 5707 i
3564 5666 3643 5711 est
3671 5658 3723 5715 6.
3754 5660 3939 5715 Martii
3973 5658 4120 5714 1545.

2618 5756 2675 5827 2)
2716 5753 2856 5813 Cod,
2887 5753 3051 5808 Goth.
3079 5753 3199 5807 190.
3226 5757 3438 5810 sedem.

2619 5855 2678 5927 8)
2713 5855 2870 5912 Cam.
2892 5856 3186 5924 seruntur.
