5325 6917
360 827 437 898 247
671 767 676 782 s
765 860 772 866 -
935 817 1618 897 nursronanuunrn.1u
1671 815 1800 894 rats.
1930 905 1937 936 1

362 1011 439 1076 tur,
473 998 611 1090 inquis,
635 1001 749 1091 placet
773 1013 887 1069 tacere
912 1013 947 1070 et
968 1021 1108 1068 causam
1133 998 1270 1069 tradere
1289 993 1354 1063 ad·
1473 968 2266 1106 (plmipdiqhuifi·1i;¹'³⁸¹‘di‘Vh‘q³diss⁰¹¹¹¹¹¹2¹¹¹³h³

362 1098 553 1167 versariis?
603 1096 699 1169 Mihi
718 1125 801 1169 vero
818 1101 983 1183 minime,
1009 1101 1068 1169 Sed
1085 1100 1147 1168 illa
1162 1102 1278 1190 placet
1291 1098 1354 1166 de.
1504 1071 1522 1123 Ρ
1536 1069 1611 1103 ⁰¹⁰¹
1660 1065 1737 1106 ”¹⁸⁸⁸
1775 1071 1782 1103 ¹
1815 1070 1916 1123 figere,
1986 1066 2073 1107 urtem
2095 1054 2224 1120 ergenss.)

363 1201 496 1285 fensio,
538 1223 628 1293 quae
659 1202 699 1268 in
728 1200 932 1271 Miloniano
966 1198 1080 1271 Bruto
1112 1202 1245 1293 optima
1278 1199 1354 1266 visa
1404 1162 1631 1244 Clarissimo
1658 1172 1736 1244 viro
1758 1167 2280 1271 PhilippoMelanchtl.

363 1302 473 1371 fuisse
498 1296 722 1392 perhibetur:
760 1302 920 1371 interfeci
950 1302 1199 1371 turbulentum
1231 1300 1355 1383 civem,
1574 1324 1579 1333 ·
1807 1270 1995 1350 Willenb.

365 1401 438 1471 adii
453 1402 577 1491 capitis
593 1402 791 1494 periculum
813 1415 887 1494 pro:
900 1404 1105 1493 republica,
1129 1401 1257 1471 sustuli
1273 1424 1354 1468 eum
1404 1366 1446 1461 S·
1467 1388 1513 1464 D.
1562 1388 1693 1463 Adhuc
1717 1395 1890 1487 quaedam
1918 1394 2147 1483 significanda
2168 1395 2275 1466 luisse

365 1503 518 1572 emedio
532 1527 635 1588 eum,
662 1495 707 1575 οὗ
723 1500 862 1590 ζῶντος
872 1499 937 1575 καὶ
952 1498 1035 1599 περὶ
1045 1498 1163 1595 χθονὶ
1179 1496 1355 1598 δερκομέ-
1405 1491 1631 1584 Lottringum
1657 1495 1752 1567 inter
1773 1492 1957 1566 Caesarem
1978 1510 2012 1565 et
2028 1493 2175 1564 Gallum
2198 1520 2281 1586 pace

342 1629 435 1688 ,νου
461 1605 561 1697 quies
583 1627 767 1699 nunqnam
788 1607 907 1675 futura
927 1605 1017 1689 fuit,
1047 1619 1082 1674 ct
1101 1618 1254 1688 caetera3
1281 1626 1355 1671 non
1405 1619 1482 1664 cere
1505 1596 1785 1690 conari,neque
1808 1598 1937 1666 malam
1961 1620 2058 1687 spem
2082 1597 2281 1689 quibusdan

366 1702 829 1797 subtilitate{disputationis
861 1705 962 1774 dcvi
989 1693 1193 1795 repellenda
1216 1702 1293 1773 reru
1315 1704 1355 1771 in
1403 1696 1498 1781 fore,
1524 1710 1564 1766 ut
1581 1720 1642 1774 res,
1652 1698 1830 1786 procedat.
1886 1697 1958 1767 Sed
1972 1697 2090 1765 nescio
2107 1686 2193 1789 quid
2211 1699 2281 1768 aliu

366 1808 609 1899 quaestionem
624 1809 667 1877 de
684 1807 890 1900 quaestione
903 1807 1088 1876 adducere.
1405 1798 1487 1882 die,
1512 1810 1698 1888 propterea
1719 1800 1815 1889 quod
1839 1793 1916 1865 heri
1938 1800 2271 1889 praetermisissem,

1405 1898 1476 1982 dit,
1493 1911 1526 1967 et
1540 1922 1621 1968 mox
1636 1921 1776 1968 rursum
1792 1898 1937 1982 excidit,
1953 1900 1996 1966 dc
2012 1923 2082 1990 quo
2096 1900 2201 1968 credo
2224 1922 2281 1967 net

470 2002 540 2075 Sed
557 2024 727 2094 quorsum
742 1998 856 2070 abeo?
908 1994 958 2067 Et
976 2011 1015 2067 tu
1029 1996 1186 2089 prolecto
1202 1996 1273 2065 iam
1288 1999 1357 2067 du·
1405 2019 1520 2092 neque
1554 2022 1618 2088 ego
1658 2021 1871 2090 magnopere
1903 1999 2116 2072 laboramus.
2175 1994 2281 2068 Later

367 2112 454 2181 dum
475 2105 634 2187 miraris,
669 2104 754 2195 quid
779 2096 870 2169 mihi
893 2099 930 2167 1¹1
952 2112 1106 2167 mentem
1130 2098 1286 2176 venerit,
1321 2110 1357 2165 et
1404 2113 1522 2169 autem
1544 2123 1635 2169 ame
1649 2099 1768 2190 petiit,
1791 2112 1831 2169 ut
1855 2101 1899 2169 de
1915 2101 2060 2168 nomine
2077 2087 2254 2190 ipsiusad
2278 2137 2282 2165 t

366 2213 455 2307 quid
476 2203 564 2276 mihi
588 2204 715 2288 velim,
746 2217 787 2273 ut
811 2196 878 2270 hoc
900 2203 1008 2268 modo
1026 2202 1071 2268 ad
1088 2211 1141 2279 te,
1163 2213 1197 2268 et
1209 2199 1356 2268 fortasse
1404 2221 1511 2293 τησιν
1533 2203 1577 2268 de
1600 2200 1790 2292 propositis
1814 2224 1929 2292 nuper
1951 2201 2217 2292 quaestionibus
2238 2227 2282 2272 ac·

367 2331 548 2385 succenses
564 2301 655 2376 mihi
672 2296 1084 2397 ἐμπολικομείἰρ(ἓ)σοι.Ι
1138 2297 1259 2368 Etiam
1282 2299 1357 2391 ipse
1403 2326 1496 2388 rern3
1517 2301 1612 2369 diem
1628 2300 1693 2369 tibi
1711 2314 1751 2370 nt
1765 2324 1900 2386 sumas,
1925 2326 2030 2393 quem
2045 2303 2220 2387 volueris,
2246 2328 2282 2395 pc

366 2417 499 2497 miror,
525 2424 558 2480 et
573 2435 629 2478 me
644 2409 714 2476 iam
730 2399 963 2497 reprehendo.
1021 2400 1090 2470 Sed
1106 2422 1173 2469 usu
1185 2394 1278 2469 mihi
1294 2424 1357 2468 ve-
1405 2416 1504 2487 tunt,
1530 2403 1592 2470 sed
1615 2415 1757 2491 petunt,
1781 2414 1822 2471 ut
1844 2404 1875 2469 si
1894 2404 2026 2492 possis,
2051 2404 2095 2470 ad
2118 2427 2223 2494 quem
2241 2407 2282 2473 de

366 2519 461 2588 nisse
475 2514 579 2583 video
595 2510 689 2603 quod
709 2504 875 2575 iumentis
891 2503 997 2586 solet,
1014 2514 1062 2586 ut
1082 2502 1257 2592 pascendo
1273 2524 1356 2592 per·
1405 2528 1484 2572 rum
1500 2524 1635 2594 speres,
1657 2505 1831 2574 ostendas.
1882 2500 2021 2589 Quodsi
2041 2517 2121 2574 ante
2137 2505 2282 2572 nundin

367 2631 468 2709 gant,
498 2636 568 2706 quo
593 2609 739 2679 minime
764 2603 933 2697 oportuit.
983 2597 1060 2690 Ego
1082 2625 1211 2692 nempe
1233 2601 1354 2670 dulce·
1406 2599 1458 2672 hil
1478 2603 1689 2695 'promittere
1712 2605 1804 2673 sorte
1825 2604 1975 2694 poteris,
2000 2618 2037 2673 at
2058 2604 2228 2673 nundinis
2243 2604 2279 2696 ip

369 2721 452 2789 dine
469 2714 569 2808 quasi
585 2706 839 2781 confabulandi
855 2719 969 2775 tecum
991 2698 1106 2777 adhuc
1121 2703 1225 2771 etiam
1243 2702 1355 2771 veluti
1407 2704 1581 2774 affuturus
1602 2703 1671 2794 sis,
1694 2704 1823 2772 rescire
1845 2704 2019 2793 cupiunt.‘
2055 2704 2174 2774 Habes
2188 2730 2282 2775 man<

366 2808 626 2907 κατακώχιμος
649 2807 822 2879 hesternis
842 2803 1065 2875 sermonibus
1086 2803 1249 2894 processi,
1273 2804 1356 2871 lon·
1406 2829 1463 2874 me
1482 2808 1638 2896 exposita
1653 2804 1815 2877 fideliter.
1868 2801 1927 2873 Tu
1943 2819 2060 2874 autem
2077 2830 2159 2875 cave
2177 2809 2223 2875 ad
2239 2832 2279 2876 co

367 2923 456 3011 gius.
509 2906 740 3004 Quaressmihi
755 2909 894 2978 veniam
919 2905 1039 2989 dabis,
1065 2918 1101 2973 et
1116 2901 1208 2974 hanc
1224 2903 1356 2992 episto·
1406 2900 1527 3000 tum*)
1547 2906 1669 2990 abeas,
1694 2905 1764 2973 nisi
1786 2905 1885 2994 prius
1905 2906 2009 2974 nobis
2032 2907 2282 2986 conventis‚d

367 3024 459 3101 lam,
492 3018 522 3087 si
543 3038 599 3083 me
625 3035 740 3097 amas,
772 3008 988 3080 conscindes.
1039 3004 1131 3075 Nam
1151 3007 1195 3073 ad
1217 3016 1356 3093 tempus
1406 3005 1472 3073 tibi
1486 3019 1528 3075 ut
1540 3006 1669 3073 sentias
1683 3006 1848 3095 permitto
1874 3008 2005 3081 omnia.
2058 3006 2111 3077 Te
2135 3008 2283 3078 advenit

369 3124 464 3219 quod
481 3120 623 3199 attinet,
643 3108 735 3183 hanc
751 3107 876 3181 horam
893 3122 1134 3200 postcoenam
1149 3105 1209 3173 vix
1226 3104 1355 3172 melius
1406 3106 1557 3174 maxime
1574 3105 1719 3191 vellem3
1752 3110 1813 3176 sed
1838 3107 1868 3174 si
1892 3108 1979 3199 quid
2000 3109 2197 3195 obstiterit,
2219 3133 2283 3179 nos

368 3226 539 3295 collocare
564 3216 773 3308 potuissem,
806 3207 1012 3302 praesertim
1034 3229 1115 3274 cum
1147 3205 1355 3290 statuissem,
1406 3207 1507 3280 istuc.
1556 3202 1728 3295 Contagia
1749 3203 1808 3277 hic
1830 3223 1978 3298 serpunt
2000 3210 2149 3293 lentius3
2176 3213 2216 3278 in
2239 3235 2283 3279 mr

367 3325 444 3395 Deo
467 3324 625 3398 favente,
651 3312 807 3396 dormire
832 3312 870 3377 in
896 3310 1011 3377 lucem
1036 3328 1159 3398 usque.
1217 3305 1287 3375 Sed
1310 3329 1355 3374 ne
1405 3307 1473 3376 tria
1510 3309 1768 3399 propemodum
1808 3323 2022 3398 grassantur.
2081 3306 2278 3382 Amisimus

367 3425 490 3494 finiam
511 3414 679 3487 hocloco
703 3410 906 3505 epistolam,
928 3408 1028 3492 facit,
1054 3408 1150 3500 qnod
1172 3401 1263 3474 mihi
1284 3406 1354 3475 iam
1408 3400 1533 3484 dream
1556 3401 1782 3495 Fuchsium,
1813 3426 2003 3502 patronum
2026 3426 2187 3483 nostrum
2210 3414 2283 3482 5011]

357 3527 408 3596 ‘in
423 3533 576 3591 mentem
589 3527 726 3607 praeter
740 3506 894 3601 exposita
907 3508 1055 3578 veniunt
1070 3510 1113 3577 de
1132 3508 1355 3578 sermonibus
1405 3511 1468 3580 illo
1489 3511 1626 3583 ordine.
1675 3509 1739 3580 Dii
1760 3526 1843 3581 sunt
1868 3512 2068 3582 cornicibus
2091 3513 2282 3583 vivaciores

366 3620 536 3719 praefecti
557 3620 648 3700 duo,
680 3609 902 3684 admirabilia
933 3609 1049 3682 ambo.
1100 3607 1191 3677 Nam
1212 3607 1356 3680 Caesari
1404 3607 1457 3704 μὴ
1479 3598 1549 3706 ζῇν
1569 3607 1661 3696 ἔδει,
1702 3626 1743 3683 ut
1771 3602 1917 3682 fortasse
1950 3613 2060 3698 alios,
2094 3616 2281 3706 quemadm

368 3751 450 3799 cum
484 3723 667 3791 videretur
701 3738 756 3784 res
788 3712 829 3784 ἐν
846 3714 984 3806 χειρῶν
1004 3702 1111 3805 νόμῳ
1132 3736 1214 3808 mor
1236 3713 1353 3811 futura
1405 3714 1518 3783 illein
1534 3712 1671 3782 Lemno
1688 3712 1798 3785 iratus
1813 3714 1957 3798 dixerit3
1985 3718 2045 3783 sed
2061 3717 2200 3786 tabifico
2217 3715 2281 3784 illo

368 3851 460 3912 esse,
484 3822 586 3894 iussit
603 3823 647 3891 de
662 3814 815 3889 exercitu
829 3835 951 3882 omnes
963 3813 1158 3882 sacerdotes
1175 3827 1210 3883 et
1223 3810 1353 3885 horum
1403 3816 1470 3899 ho,
1494 3839 1570 3883 non
1586 3818 1741 3908 λοιμικῷ
1755 3816 1880 3906 periit,
1916 3839 2022 3906 quem
2036 3840 2135 3886 meus
2157 3818 2284 3886 fratem

368 3930 575 4002 comitatum
597 3923 793 4004 discedere,
826 3916 974 4005 allegato
1001 3914 1106 3985 etiarn
1127 3908 1353 3987 Atrebatensi
1404 3929 1445 3986 ut
1459 3917 1631 3999 arbitror,
1656 3916 1821 4009 requiret.
1858 3914 1961 3985 ·Vale
1978 3940 2057 3985 cum
2067 3917 2169 4002 Tuis,
2187 3918 2239 3986 mi
2254 3941 2284 3988 st

267 4108 270 4117 ,
365 4012 527 4124 praesule
541 4018 745 4097 Granvela.
795 4015 845 4091 Et
859 4042 939 4089 cum
955 4020 988 4089 ei
1005 4017 1159 4113 adstanti
1173 4020 1217 4087 ad
1231 4018 1349 4089 lorum
1403 4018 1490 4086 sime
1504 4012 1682 4107 Philippe.
1723 4015 1767 4091 V.
1781 4015 1833 4091 Id.
1852 4012 2072 4093 Decembris.

365 4134 512 4205 allatum
537 4128 660 4198 luisset
681 4119 871 4224 γενέσεως,
904 4145 964 4191 seu
998 4121 1088 4191 sorte
1118 4144 1183 4192 ενα
1206 4144 1298 4219 αγης
1312 4115 1351 4215 *)
2104 4110 2284 4189 [oachim

295 4244 299 4255 ’
365 4230 486 4326 θέμα,
520 4229 735 4319 nescioquo
761 4237 919 4307 anctore,
944 4222 1350 4292 lectisomnibuscom·
1617 4246 1623 4252 ·
1723 4217 1725 4222 ’

365 4337 512 4428 plicatas
534 4326 672 4400 chartas
689 4326 817 4396 abiecit
838 4325 878 4403 in
894 4325 1016 4412 ignem,
1030 4337 1063 4393 et
1079 4322 1186 4392 dixit:
1211 4328 1350 4394 πολιτι-
1404 4357 2282 4406 ----7-—------,„..

365 4432 433 4515 κάς
454 4450 488 4503 et
509 4437 579 4523 τῆς
589 4422 803 4525 φρὸνήσεως
817 4417 1030 4521 προῤῥήσεις
1050 4448 1086 4494 se
1097 4425 1267 4516 reperisse
1287 4448 1349 4503 ve·
1615 4508 1618 4515 ἱ

365 4536 487 4604 riores.
537 4531 616 4600 Hoc
632 4532 697 4598 etsi
712 4524 801 4596 mihi
818 4530 1079 4619 φιλοπολιτικῷ
1094 4550 1133 4594 ac
1154 4549 1227 4595 non
1246 4549 1349 4618 pror·
1399 4508 1466 4580 ΝΟ·
1481 4508 1595 4582 2812·
2246 4526 2279 4589 9.

365 4658 423 4705 sus
446 4631 584 4726 ἄφρονι
609 4630 815 4719 neutiquam
837 4626 1015 4716 displicet,
1038 4640 1156 4694 tamen
1179 4651 1259 4695 cum
1274 4624 1349 4697 Ra-
1406 4603 1578 4641 ’ῥ’
2222 4609 2285 4636 ⁵⁴

1908 4603 1922 4636 9

363 4731 563 4809 tisbonensi
584 4727 770 4819 disciplina
794 4726 985 4795 convenire
1006 4748 1083 4792 non
1097 4725 1256 4809 videtur,
1278 4727 1348 4794 nisi
1731 4686 1786 4776 V·
1820 4689 2058 4774 Theodoro·

364 4832 433 4911 τὸν
447 4822 706 4923 αὐτοκράτορα
723 4821 882 4920 magissd
898 4817 1088 4903 αὐτοτελὲς
1102 4819 1212 4917 μέρος
1227 4826 1266 4893 in
1280 4820 1349 4896 hoc
1410 4871 1413 4876 -
1469 4863 1724 4939 Epist.tib.1v.p.
1741 4866 1790 4921 181
1808 4886 1838 4939 aq
1840 4887 1867 4940 q.

364 4939 526 5010 delectat.
576 4930 645 5000 Sed
670 4927 804 4998 desino.
855 4925 935 5011 Tu,
967 4926 1018 4993 mi
1039 4925 1242 4993 suavissime
1262 4922 1349 4995 Phi·
1753 4987 1760 5005 ‚

363 5041 479 5131 lippe,
505 5056 585 5103 cum
606 5029 676 5100 tuis
700 5020 900 5098 felicissirne
919 5028 1009 5098 vale.
1059 5022 1107 5096 Et
1129 5019 1348 5095 Milichium
1697 4983 1811 5063 Vm
1836 4984 2093 5062 Th⁶⁰d⁰7⁰·

309 5140 337 5168 ”
362 5154 386 5211 ‘a
405 5137 508 5208 nobis
536 5133 659 5205 saluta.
716 5127 837 5198 Etiam
867 5124 1052 5207 Eber'um,
1088 5152 1193 5219 quem
1216 5144 1349 5217 patrem
1401 5095 1458 5187 Ut
1472 5115 1606 5203 Maria,
1628 5116 1824 5203 Elisabeth,
1851 5121 1994 5208 Henna,
2017 5120 2223 5209 Zacharias,
2250 5121 2285 5196 lo

365 5244 496 5311 iterum
512 5236 582 5305 iam
600 5256 673 5303 esse
688 5254 789 5324 spero
808 5244 842 5301 et
857 5244 953 5323 opto.
996 5227 1130 5299 lterum
1145 5232 1234 5305 vale.
1284 5229 1350 5302 vt.
1401 5217 1548 5290 Simeon
1562 5234 1595 5289 et
1609 5222 1678 5290 ulia
1692 5220 1867 5292 Ecclesiae
1877 5225 2024 5307 lumino,
2050 5250 2091 5294 eo
2108 5230 2285 5315 temporei

303 5411 315 5427 Ι
364 5338 619 5416 ld.Decembr.
1402 5321 1460 5409 nis
1493 5323 1640 5392 infantis
1669 5318 1804 5394 Christi
1834 5323 2037 5393 dulcissima
2064 5327 2199 5395 basiola
2232 5328 2285 5418 fig«

1402 5425 1642 5516 ardebantque
1674 5424 1757 5493 tntis
1793 5423 1994 5513 pectoribus
2029 5429 2147 5496 studio
2189 5429 2285 5499 celeb

1067 5490 1199 5567 1⁰⁰⁶h·
1403 5524 1572 5594 beneficia
1595 5522 1685 5609 Dei,
1710 5537 1744 5593 et
1766 5518 1833 5592 hoc
1854 5525 2102 5596 admirandum
2127 5530 2270 5615 foedus,

371 5688 590 5707 μ’,
1401 5623 1587 5694 fecitDeus
1601 5649 1682 5694 cum
1698 5618 1853 5697 humana
1869 5638 1998 5698 natura
2011 5629 2119 5698 misso
2133 5631 2225 5700 filio:
2252 5630 2286 5703 st

397 5806 425 5872 ⁴⁵)
443 5802 491 5859 Sic
508 5797 715 5869 scriptumest,
732 5794 779 5849 sed
797 5792 942 5858 mendum
976 5793 1091 5867 fortasse
1109 5790 1268 5867 ἔναλλαγιῐς.
1402 5771 1609 5837 ...ηρ-’.-

1437 5937 1471 6011 *)
1488 5938 1653 6011 spirensem.
