5325 6917
834 720 1106 798 ANNALES
1141 718 1325 795 VITAE
1355 722 1489 801 MEL.
1545 722 1679 802 1544.

251 824 331 990 Ἓξ
377 902 453 968 Dux
470 903 622 970 Saxoniae
634 902 757 967 Elector
774 900 865 986 Spira
878 908 981 989 relicta
995 904 1122 966 domum
1135 906 1343 988 proficiscitur.

269 1043 331 1106 19·
377 1037 527 1121 Sabinus,
555 1044 609 1127 qui
622 1040 720 1101 adhuc
737 1036 843 1120 Spirae
857 1052 918 1119 est,
946 1043 1062 1124 quaerit
1075 1040 1239 1103 divortium
1253 1040 1290 1098 ab
1304 1056 1411 1097 uxore.

257 1177 316 1240 28·
377 1172 549 1238 Camerario
564 1178 666 1237 scribit
682 1177 853 1256 prolixede
868 1177 1003 1238 moribus
1015 1172 1133 1239 Sabini.
1184 1171 1260 1234 vid.
1275 1175 1366 1233 etiam
1381 1174 1467 1252 epist.
1483 1171 1513 1235 d.
1529 1171 1558 1235 d.
1579 1172 1637 1243 24.
1653 1172 1747 1253 Maii,
1775 1175 1854 1241 d.7.
1874 1178 1931 1242 13.
1947 1186 1977 1234 et
1998 1172 2053 1242 14·
2068 1166 2138 1236 Iun.

264 1301 325 1371 24.
374 1304 422 1370 Io.
436 1305 582 1390 Stigelius
596 1330 724 1371 uxorem
740 1308 833 1373 ducit.

264 1443 322 1504 30·
376 1439 563 1506 consiliariis
581 1440 706 1505 Ducam
722 1440 917 1505 Pomeraniae
935 1445 1038 1504 scribit
1052 1442 1089 1504 de
1103 1444 1246 1522 episcopo
1264 1440 1416 1522 eligendo.

251 1564 320 1732 luz:
375 1638 452 1723 Agit
467 1663 537 1704 cum
552 1638 685 1719 Sabino,
713 1646 767 1724 qai
784 1662 912 1701 uxorem
925 1641 1083 1724 repudiare
1095 1641 1226 1701 volebat.

290 1774 324 1835 7,
373 1759 470 1824 Mittit
486 1758 655 1825 Camerario
673 1773 703 1822 et
717 1759 859 1842 Zieglero
877 1776 994 1843 partem
1007 1766 1151 1824 orationis
1167 1761 1203 1821 de
1216 1755 1335 1842 Spiritu
1350 1770 1464 1821 sancto.
2204 1836 2208 1844 Ι

269 1892 325 1953 10.
373 1880 486 1946 Scribit
500 1884 661 1945 exordium
673 1886 898 1945 constitutionis
911 1880 1093 1947 Academiae
1110 1882 1135 1945 F
1136 1882 1249 1944 rancof.
1266 1888 1300 1943 in
1315 1901 1404 1941 usum
1418 1876 1544 1958 Sabini,
1570 1893 1600 1941 et
1614 1876 1763 1942 Sabinum
1777 1878 1967 1941 commendat
1983 1870 2109 1938 Alberto
2123 1866 2217 1933 Duci.

262 2008 320 2069 11.
373 2005 457 2068 Finis
472 2008 668 2067 comitiorum
681 1999 881 2084 spirensium.

265 2122 319 2185 13·
373 2124 484 2204 Anna,
519 2122 626 2187 Sabini
642 2138 741 2203 uxor,
774 2147 844 2186 cum
861 2127 963 2187 liberis
979 2128 1040 2186 abit
1055 2127 1094 2187 ad
1109 2131 1262 2189 maritum.
1314 2120 1402 2201 Una,
1428 2134 1502 2183 natu
1515 2124 1711 2200 minorfilia,
1741 2135 1874 2184 remanet
1888 2120 1970 2204 apud
1984 2116 2225 2181 lllelanthonem.

259 2238 319 2300 18·
374 2244 487 2310 Scribit
502 2246 539 2307 de
555 2250 721 2307 elevatione
735 2250 911 2309 sacramenti
925 2252 958 2308 in
973 2268 1105 2314 coenas.

234 2349 320 2416 Ἃ·
374 2367 558 2429 Valetudine
574 2366 662 2427 valde
678 2368 806 2432 laborat.
831 2402 884 2414 —
922 2365 1054 2450 Georgia
1069 2366 1239 2429 Anhaltino
1254 2366 1418 2446 gratulatur
1434 2365 1643 2444 episcopatum
1655 2361 1939 2445 Merseburgensem.

233 2478 327 2631 llll-ll.
374 2559 509 2626 Laborat
521 2562 609 2626 valde
623 2565 751 2624 calculo.
778 2600 827 2615 —
866 2563 1053 2629 Camerarius
1066 2561 1174 2647 Lipsia
1189 2564 1326 2641 advenit,
1351 2575 1473 2644 accepto
1490 2563 1603 2624 nuncio
1620 2562 1657 2624 de
1674 2561 1781 2625 morbo
1794 2557 2011 2623 Melanthonis.

245 2682 330 2855 A}
373 2758 449 2824 Mel.
474 2759 511 2820 ad
532 2755 645 2821 Vitam
665 2758 883 2823 Theodorum:
928 2760 1042 2840 „Misit
1061 2763 1122 2822 huc
1141 2759 1333 2821 Amsdoriius
1359 2781 1515 2821 censuram
1540 2756 1729 2823 Coloniensis
1749 2755 1988 2821 Reformationis
2011 2757 2166 2829 acerbam,
2204 2767 2280 2831 quae

426 2875 556 2941 „tamen
570 2858 708 2924 Luthero
722 2868 805 2924 mitis
820 2864 956 2943 videtur,
989 2878 1019 2925 et
1034 2867 1191 2926 classicum
1204 2866 1277 2923 novi
1290 2866 1461 2923 certaminis
1476 2866 1538 2941 jam
1554 2863 1666 2924 audiri.
1718 2858 1754 2923 Si
1773 2866 1906 2944 coeperit
1921 2873 2021 2922 noster
2033 2857 2162 2921 Pericles
2184 2852 2221 2911 de
2244 2872 2280 2909 ea

425 2987 485 3043 „re
500 2970 715 3027 contumeliose
730 2967 846 3045 dicere,
874 2956 1062 3029 discedam.'’
1086 3000 1138 3011 --
1179 2956 1308 3050 (Libert
1345 2962 1562 3042 „Rei'ormatio
1580 2956 1811 3036 coloniensts'',
1840 2962 1990 3025 aBucero
2006 2968 2153 3042 scriptus,
2176 2952 2281 3015 alle-

424 3066 569 3126 lanthone
588 3069 731 3147 probatus
750 3080 779 3129 et
796 3071 831 3128 in
852 3070 1032 3152 quibusdam
1054 3070 1188 3152 partibus
1207 3079 1330 3145 auctus,
1363 3067 1470 3126 deinde
1494 3069 1529 3126 ab
1546 3062 1787 3147 Archiepiscopo
1803 3064 1977 3125 Hermanno
2001 3064 2115 3138 editus,
2156 3070 2186 3117 et
2198 3053 2282 3117 Duci

426 3164 578 3228 Saxoniae
593 3165 726 3230 Electori
738 3173 864 3249 missus,
898 3174 935 3232 ab
948 3172 1008 3233 hoc
1025 3175 1086 3232 iam
1106 3172 1137 3234 d.
1156 3167 1189 3234 4.
1205 3167 1291 3230 Junii
1306 3165 1480 3230 Amadorfio
1498 3169 1584 3229 datus
1605 3168 1683 3246 iirit,
1717 3182 1751 3227 ut
1774 3171 1800 3226 is
1823 3167 1860 3227 de
1881 3188 1917 3226 eo
1941 3167 2053 3228 diceret
2073 3149 2280 3247 sententiam.)

424 3267 485 3329 Hic
500 3272 659 3330 articulum
674 3271 711 3330 de
722 3274 817 3332 libero
833 3275 954 3334 arbitrio
971 3288 1000 3336 et
1013 3277 1152 3357 inprimis
1167 3275 1328 3333 articulum
1345 3272 1382 3332 de
1397 3292 1490 3333 coena
1506 3292 1586 3332 sacra
1602 3272 1687 3332 valde
1703 3268 1895 3351 reprehendit
1910 3281 1939 3330 et
1955 3267 2088 3329 incendit
2096 3261 2279 3340 Lutherum,

422 3383 458 3431 ut
472 3367 664 3433 Melanthoni
679 3386 708 3433 et
722 3370 840 3435 Bucero
856 3378 1045 3456 irasceretur,
1072 3382 1149 3439 etin
1166 3377 1360 3436 concionibus
1374 3378 1505 3455 publicIs
1522 3387 1551 3434 et
1567 3378 1600 3433 in
1616 3377 1734 3453 scriptis
1749 3376 1782 3432 in
1798 3368 1950 3433 Bucerum
1965 3384 1994 3432 et
2006 3372 2183 3433 sententiam
2199 3364 2278 3425 Hel-

421 3475 550 3536 veticam
569 3475 610 3534 de
629 3496 722 3536 coena
744 3496 825 3537 sacra
845 3478 1009 3545 inveheret.
1032 3477 1083 3542 cf.
1110 3483 1235 3540 om'nino
1251 3474 1400 3540 Seckend.
1416 3481 1449 3538 in
1465 3477 1536 3538 hist.
1555 3471 1652 3540 Luth.
1668 3478 1722 3541 lib.
1738 3472 1797 3534 lll.
1824 3495 1856 3554 p.
1872 3472 1956 3541 448.
1981 3488 2011 3536 et
2031 3477 2118 3555 epist.
2133 3466 2282 3531 lllelanth.'

420 3575 457 3636 ad
470 3565 598 3657 Mycon.
616 3577 646 3637 d.
662 3577 691 3638 d.
710 3583 770 3644 10.
788 3575 861 3644 Oct.

262 3702 320 3765 13·
368 3704 524 3770 Lutherns
538 3711 737 3791 proficiscitur
750 3707 1027 3792 adAmsdorfium,
1058 3735 1151 3799 aquo
1168 3715 1290 3775 demum
1303 3712 1337 3774 d.
1355 3715 1414 3779 27.
1431 3708 1514 3792 Aug.
1532 3713 1638 3792 rediit,
1663 3714 1758 3794 magu
1773 3715 1912 3774 incensus
1926 3710 2067 3774 adversus
2082 3710 2194 3771 librum
2211 3700 2277 3767 Go-

417 3814 586 3874 loniensem
601 3834 693 3897 quam
707 3826 807 3880 entes.

258 3940 320 4002 22·
369 3939 503 4025 Georgio
519 3940 689 4008 Anhaltino
704 3950 808 4009 scribit
823 3926 860 4010 de
874 3950 1071 4026 ceremoniis,
1087 3947 1188 4031 'eique
1207 3950 1302 4011 mittit
1317 3952 1458 4029 exempla
1475 3950 1729 4013 testimoniorum.

262 4072 321 4135 28·
367 4076 487 4140 Bucero
501 4080 604 4140 scribit
620 4080 657 4140 de
669 4082 714 4141 ira
728 4077 876 4145 Lutheri:
912 4079 993 4161 „lile
1007 4070 1160 4170 (inquit),
1187 4095 1217 4144 et
1232 4080 1445 4162 Crucigerum,
1473 4095 1507 4144 ut
1521 4083 1630 4162 audio,
1658 4105 1720 4145 cras
1735 4086 1855 4146 vocabit
1871 4072 1975 4173 [qnod
1990 4082 2182 4145 nonfurtum
2198 4062 2276 4162 est].

419 4178 486 4262 Ego
503 4203 571 4242 sum
587 4188 751 4266 tranquilla
766 4189 847 4264 avis,
878 4208 934 4247 nec
949 4188 1063 4247 invitus
1079 4207 1117 4245 ex
1130 4184 1190 4245 hoc
1205 4190 1356 4266 ergastulo
1373 4186 1542 4266 discedam,
1570 4189 1595 4248 si
1612 4187 1740 4249 infestus
1756 4210 1806 4248 me
1819 4190 1948 4267 urgebit.
1957 4178 1975 4203 ”

257 4311 316 4372 31·
368 4310 523 4377 Lutherus
541 4320 726 4379 atrocissimo
742 4321 853 4400 scripto
868 4316 983 4400 (lutttd
999 4315 1186 4399 betenatnifi
1201 4328 1270 4384 bont
1289 4290 1491 4402 dissonuit)
1505 4323 1620 4381 bellum
1638 4323 1675 4382 de
1691 4342 1772 4426 sacra
1786 4339 1878 4382 coena
1891 4323 2044 4377 instatuat.

238 4432 324 4519 Sept.

283 4548 317 4607 7·
368 4509 511 4593 Crueiger
525 4526 624 4573 narrat
641 4517 875 4576 controversiam
886 4503 964 4573 inter
979 4507 1150 4574 Lutherum
1168 4526 1197 4573 et
1211 4512 1285 4576 illel.
1301 4516 1339 4575 de
1356 4534 1448 4575 coena
1465 4534 1555 4574 sacra.

257 4644 316 4709 24.
366 4643 430 4708 Pax
443 4650 522 4709 inter
538 4644 699 4727 Carolnm,
733 4646 1106 4731 Imperatorem‘etregem
1123 4643 1248 4709 Galliae.

254 4766 315 4829 27.
364 4763 439 4833 lllel.
456 4766 609 4849 praefatur
622 4769 655 4826 in
670 4764 798 4828 Burenii
815 4772 981 4828 orationem
996 4766 1033 4826 de
1049 4764 1159 4827 scholis
1173 4770 1284 4833 literar.
1297 4778 1377 4827 recte
1394 4766 1594 4827 instituendis.

245 4886 314 5041 39·
362 4881 490 4946 Eurum
506 4898 551 4946 est
563 4879 695 4945 Lutheri
712 4882 814 4967 tusses
831 4882 1017 4965 ssstsnatnifi
1033 4896 1102 4951 coos
1118 4880 1185 4968 brit.
1201 4879 1386 4968 ttbsnbmcbt
1402 4880 1492 4948 uitet
1507 4881 1551 4949 tie
1565 4880 1771 4962 &butenae

280 4995 319 5149 cil·
364 5080 438 5144 Mel.
454 5084 570 5142 calculo
588 5082 713 5144 laboret.

281 5221 315 5282 7.
365 5211 565 5277 Proficiscitur
578 5210 718 5297 Lipsiam
732 5216 765 5275 in
779 5211 937 5273 nundinas.

253 5358 314 5420 10.
364 5345 509 5429 Myconio
529 5351 649 5411 scribit:
690 5370 753 5411 sese
766 5367 920 5410 excusasse
932 5339 1070 5407 Luthero
1090 5347 1173 5431 quod
1188 5351 1294 5409 attinet
1308 5347 1347 5407 ad
1361 5348 1473 5408 librum
1489 5344 1701 5411 Coloniensem
1715 5348 1752 5408 de
1766 5367 1859 5407 coena
1871 5366 1969 5423 sacra,
1996 5356 2026 5406 et
2038 5345 2137 5407 addit:
2177 5343 2271 5423 „Ar-

417 5452 538 5529 „bitror
554 5455 582 5511 ei
595 5452 788 5514 satisfactum·
847 5446 908 5510 Sed
922 5452 947 5508 si
963 5452 1130 5532 intelligam
1147 5472 1211 5513 non
1226 5474 1289 5514 esse
1309 5450 1511 5530 satisfactum,
1547 5452 1583 5512 de
1605 5454 1784 5532 migratione
1807 5450 1884 5510 mihi
1907 5449 2101 5529 cogitandum
2125 5449 2200 5525 erit,
2235 5461 2269 5511 ut
2306 5462 2316 5484 ‘

411 5574 489 5632 „me
501 5558 592 5616 etiam
609 5577 694 5617 meus
710 5555 801 5616 frater
815 5552 962 5649 bortatur.
971 5540 990 5569 '’

358 5683 438 5750 Loci
451 5685 617 5768 theologici
628 5703 762 5752 recenter
779 5688 862 5750 editi.
891 5676 960 5775 (De
975 5687 1084 5771 quibus
1100 5687 1256 5749 videantur
1272 5710 1350 5772 quae
1366 5691 1486 5771 scripsit
1500 5689 1539 5750 ad
1554 5686 1663 5751 Vitam
1678 5687 1798 5751 Theod.
1818 5688 1848 5749 d.
1871 5694 1927 5755 10.
1943 5682 2025 5747 Nor.
2043 5684 2074 5747 b.
2093 5682 2138 5761 a.)

256 5828 310 5891 18.
357 5820 461 5885 Vertit
472 5833 654 5903 postremam
668 5828 817 5906 pagellam
830 5819 997 5885 Ptolemaei
1013 5823 1050 5885 de
1063 5822 1295 5898 directionibus,
1322 5836 1353 5889 et
1366 5837 1553 5888 enarraturus
1571 5836 1615 5889 est
1628 5824 1761 5887 eiusdem
1771 5818 2052 5905 Quadripertitum,
2075 5817 2194 5879 Horatii
2214 5834 2264 5874 ar·

408 5938 471 5987 tem
485 5928 636 6009 poiticam
653 5939 683 5989 et
696 5928 883 5990 dialecticon.
