5325 6917
319 683 394 752 797

331 851 399 921 No.
418 852 530 922 3226.

325 948 537 983 Μ

1170 850 1223 930 (¹1·
1246 852 1291 930 t·)

1145 940 1315 968 m

588 1031 740 1112 Ioaclc.
776 1027 1037 1114 Cameraria

388 1192 470 1261 Epist.
487 1191 519 1245 ad
537 1190 674 1245 Cartterar.
692 1209 718 1260 p.
734 1191 781 1243 521
798 1211 838 1262 sq.
857 1190 911 1258 (etl.
925 1189 1014 1245 Lond.
1029 1186 1076 1242 lib.
1093 1187 1140 1244 IV.
1157 1206 1200 1258 ep.
1213 1187 1297 1257 bib).

318 1341 542 1418 Clarissimo
569 1346 645 1415 ciro
669 1345 870 1416 eruditione
898 1356 929 1415 el
955 1346 1083 1415 er'rtule
1107 1346 1317 1441 praestanti

366 1443 609 1518 loachima
634 1440 907 1518 Cameraria
935 1442 1026 1518 Pab.
1054 1446 1172 1516 erratica
1198 1472 1266 1516 sua

751 1575 880 1623 carisa.

317 1663 360 1754 S·
389 1684 434 1757 D.
487 1683 585 1752 luter
615 1684 740 1751 decora
768 1683 891 1773 oppidi
914 1675 1105 1751 Grirnmae
1131 1677 1198 1750 boc
1224 1708 1313 1774 quo-

319 1812 386 1878 quc
411 1799 591 1865 narratur,
631 1798 753 1851 natum
785 1785 836 1853 ibi
867 1808 939 1852 esse
964 1787 1088 1852 ducem
1111 1779 1313 1868 Albcrlum,

318 1892 418 1958 catius
439 1887 589 1953 similem
612 1885 808 1974 principem
830 1886 858 1952 si
882 1910 977 1954 stunc
995 1883 1187 1954 Germania
1204 1880 1313 1953 habc-

317 2007 391 2074 ret‚
425 2012 499 2057 nou
522 1987 636 2054 solum
661 2000 908 2056 ornamentum
934 1990 994 2055 sed
1017 1985 1121 2078 ἕρκος
1139 1981 1202 2055 καὶ
1223 1984 1312 2078 ipat-

319 2115 415 2182 σμα,
452 2103 489 2157 ut
507 2086 637 2156 Poetae
661 2084 775 2155 Duces
796 2112 941 2176 magnos
967 2088 1170 2171 xtotrxinant,
1204 2083 1311 2156 habe-

318 2217 447 2260 renms.
501 2185 551 2257 alc
573 2190 760 2257 celebravit
779 2187 859 2256 Dux
877 2186 1049 2257 tilbertus
1076 2185 1142 2257 hoc
1166 2213 1310 2278 prover-

316 2295 434 2364 bium:
467 2291 534 2359 sibi
556 2291 638 2383 quia
656 2289 839 2358 Grimmae
862 2305 965 2358 natus
981 2303 1085 2372 essct,
1119 2290 1310 2379 prolixiore

316 2420 440 2464 souxno
475 2416 563 2481 opus
594 2415 689 2469 esse,
729 2391 811 2482 quia
841 2394 939 2479 puori
968 2390 1211 2460 Grimmenscs
1240 2391 1310 2457 sint

317 2494 624 2564 sonmicnlosiores
646 2493 780 2562 ceteris.
840 2489 1007 2561 Arbitror
1031 2493 1140 2580 igitur
1163 2505 1309 2560 naturae

316 2591 420 2665 Puri
433 2593 525 2664 hunc
543 2596 659 2662 locum
677 2618 750 2662 non
765 2592 856 2658 male
874 2617 1076 2680 congruere.
1128 2591 1198 2660 Scd
1215 2608 1308 2662 extra
1334 2607 1338 2630 ¹

317 2701 445 2768 iocum.
498 2697 575 2764 Oro
591 2693 705 2763 Deum
731 2707 767 2760 ut
787 2695 958 2780 gubernet
975 2707 1008 2761 et
1027 2690 1093 2762 hoc
1111 2694 1310 2774 consilium,
1335 2773 1337 2778 Ι

316 2816 345 2869 et
368 2790 969 2890 ips-:unPetri:altuinistrationcm,
1004 2820 1081 2862 cum
1099 2793 1185 2861 ludo
1208 2817 1309 2882 prae·
1334 2783 1338 2864 l
1363 2761 1440 2828 (lm
1475 2862 1485 2882 ,
1535 2865 1543 2878 ·
1583 2865 1590 2879 ¹
1748 2866 1755 2880 ι
2116 2868 2123 2882 ⁸

1334 2867 1338 2912 Ι
1365 2859 1440 2928 '⁰⁸¹¹
1457 2859 1610 2945 ssl¹f¹⁵l¹s
1645 2878 1684 2931 ut
1707 2865 1798 2933 blros
1821 2881 1954 2934 vestros
1976 2880 2091 2934 servet
2114 2868 2309 2934 mcolmnes
2324 2879 2359 2934 et

314 2905 423 2971 iectus
438 2901 552 2968 suerit.
606 2897 738 2985 Scripsi
760 2897 803 2962 ad
828 2910 987 2963 senatnm
1013 2897 1110 2964 etad
1135 2908 1307 2984 pastorem

315 3001 512 3082 Ecclesiae,
549 3013 583 3066 et
609 2998 644 3062 in
667 2995 793 3067 litteris
808 2998 849 3063 ad
869 3011 1027 3066 senatum
1047 2996 1201 3084 scriptis,
1235 2994 1308 3061 dixi

315 3106 382 3174 tibi
407 3125 546 3193 quoque
569 3099 778 3166 familiarem
801 3098 917 3169 fnisse.
973 3097 1108 3166 Vellem
1128 3111 1161 3165 te
1178 3096 1308 3185 episto-

315 3207 386 3273 lam
404 3205 434 3272 ei
452 3205 493 3271 ad
516 3214 688 3290 pastorem
704 3199 806 3280 dare,
833 3222 936 3288 quem
953 3200 1024 3266 scio
1039 3200 1156 3267 virum
1174 3199 1306 3267 bouum

316 3320 350 3375 et
374 3330 447 3375 non
472 3325 651 3370 morosum
678 3322 769 3378 esse,
813 3321 852 3366 ac
878 3299 1115 3370 indicaturum
1139 3312 1216 3368 tuas
1239 3299 1307 3368 sibi

316 3409 449 3477 litteras
466 3417 673 3474 cirnamento
691 3424 764 3468 esse
780 3402 871 3489 apml
890 3423 981 3468 suos.

418 3508 578 3578 'l'amlem
601 3502 706 3570 rediit
720 3493 932 3595 Staphylus
953 3525 992 3570 ac
1009 3502 1192 3590 epistolam
1212 3517 1305 3570 tuam

315 3611 486 3691 reddidit,
512 3607 631 3696 inqua
652 3616 745 3671 tuam
762 3604 806 3669 de
822 3599 953 3669 Sciuro
969 3626 1030 3670 scu
1049 3604 1306 3673 dubitationem

315 3737 375 3781 seu
392 3704 526 3800 ἐποχὴν
546 3706 710 3776 miralmr.
763 3700 928 3794 Colloqui
951 3703 1060 3791 igitur
1074 3729 1212 3774 necesse
1229 3705 1306 3776 erit.

315 3812 389 3882 laur
413 3814 517 3880 etiam
538 3807 638 3875 vobis
655 3803 925 3873 deliberandum
943 3805 1010 3874 erit
1026 3831 1129 3897 quem
1147 3800 1310 3898 Giganti

314 3935 545 3983 successorem
576 3907 693 3975 daturi
719 3906 805 3977 sitis.
869 3903 966 3974 Bene
987 3907 1065 3974 vale
1089 3921 1122 3978 et
1143 3908 1305 3977 rescribe.

315 4016 421 4082 l'olni
452 4021 722 4080 xxxonumentum
755 4001 862 4075 Hatra·
895 4008 964 4074 tuis
1000 4008 1127 4081 versib.
1162 4006 1306 4078 Graccis

313 4116 517 4209 praesertim
543 4107 675 4179 ornari.
742 4105 861 4193 Quare
893 4107 1012 4176 tabula
1037 4110 1081 4177 ad
1105 4111 1304 4199 sepulcrum

313 4241 478 4309 suspensa
497 4225 563 4295 est,
597 4232 685 4303 quae
702 4207 858 4276 continet
873 4221 951 4276 tuos
965 4233 1086 4279 versus
1107 4205 1172 4280 hac
1193 4212 1306 4282 editos
1380 4268 1388 4285 .

313 4321 443 4400 iorrna,
467 4338 572 4409 quam
587 4307 651 4380 hae
666 4310 822 4401 pagellae
836 4313 1045 4395 ostendunt,
1066 4337 1152 4403 quas
1167 4315 1279 4382 mitto.

842 4425 845 4430 ⁴
894 4406 989 4522 Phil.
1016 4408 1190 4482 lllelauth.

323 4782 390 4854 No.
408 4779 519 4850 3227.
1172 4788 1231 4849 20.
1245 4779 1303 4845 lul.

317 4879 528 4912 Μ

671 4960 717 5047 S.
742 4964 950 5050 Malateca.

378 5147 398 5208 ³,-
415 5139 452 5192 Ex
472 5156 563 5261 appgr.
583 5138 685 5192 codicis
705 5138 785 5193 MSS.
804 5137 876 5192 Bibl.
900 5137 1036 5193 Palatinae
1050 5136 1197 5194 viennens.
1210 5139 1302 5196 ‘l'beo-

413 5209 468 5276 log.
516 5227 542 5259 ο.
557 5205 753 5262 Dccccvttt.
771 5206 850 5260 Folio
864 5207 928 5264 26⁷.

310 5360 578 5438 Honestissima
601 5359 678 5430 niro
702 5370 734 5430 et
756 5358 902 5455 egregia
922 5355 1120 5454 prudentia
1133 5357 1303 5454 praedito

307 5465 361 5538 D·
379 5459 665 5536 Sebastiano
687 5457 885 5532 Mulner
910 5457 1085 5533 Stactari
1101 5456 1302 5561 Maassel.

628 5559 749 5651 densi,
774 5561 893 5636 amico
907 5588 985 5634 suo.

307 5681 350 5772 S.
369 5698 414 5773 D.
456 5694 710 5766 Honestissima
720 5691 874 5766 Domine
884 5689 1121 5782 Sebastiam,
1140 5709 1173 5765 et
1189 5695 1299 5764 amice

305 5799 530 5873 Cbarissime.
582 5793 783 5891 Aliquoties
804 5812 837 5868 et
859 5796 950 5867 filios
971 5812 1104 5870 vestros
1125 5810 1297 5868 eteorum

903 670 1341 749 EPISTOLARUM
1396 670 1591 746 Lllle.
1646 672 1776 747 1545.

1370 843 1638 910 rontulnrnales
1659 843 1872 932 interrogavi
1892 847 1929 912 iu
1945 847 2239 935 praelectionibus
2259 849 2362 932 meis;

1369 944 1419 1012 ibi
1451 945 1498 1011 ita
1530 946 1666 1012 erudite
1690 949 1965 1036 responderunt,
2006 962 2045 1016 ut
2077 951 2271 1040 intelligam
2304 973 2363 1018 eos

1368 1045 1490 1134 [trienis
1516 1046 1697 1114 literarum
1722 1048 1893 1132 exordiis,
1925 1047 2203 1130 Grammaticae,
2241 1050 2363 1120 Diale-

1367 1147 1474 1212 cticae
1498 1161 1530 1215 ct
1556 1148 1738 1216 doctrinae
1755 1143 1978 1217 Christianae
1998 1152 2088 1218 bene
2105 1155 2259 1222 excultos
2276 1176 2359 1222 csse.

1365 1246 1470 1314 Nunc
1487 1271 1568 1316 vero
1587 1263 1618 1316 et
1637 1249 1748 1316 filium
1769 1263 1921 1318 vestrum
1938 1245 2138 1343 Georgium
2162 1257 2278 1322 adme
2297 1279 2361 1321 vo-

1366 1349 1459 1430 cavi,
1493 1373 1531 1416 ac
1560 1353 1603 1416 de
1627 1350 1752 1416 ordine
1770 1352 2046 1440 praelectionum
2062 1355 2256 1423 sciscitatus
2271 1377 2360 1426 serm.

1364 1447 1509 1516 Publice
1541 1464 1678 1519 tarnum
1712 1447 1774 1518 has
1806 1465 1876 1520 tres
1907 1454 2075 1538 audiunt,
2117 1453 2361 1540 Dialecticam,

1366 1549 1537 1617 Graecam
1564 1550 1839 1620 Graaurmticam
1862 1567 1895 1621 et
1917 1550 2080 1627 Ethiceu.
2132 1555 2241 1624 Domi
2263 1555 2361 1623 diib-

1364 1652 1521 1718 ciliorcm
1548 1666 1713 1741 repetunt
1737 1668 1770 1722 et
1795 1670 1955 1724 exercent
1977 1655 2128 1749 Stylum.
2181 1655 2271 1726 lussi
2296 1680 2361 1725 au-

1365 1765 1432 1819 tem
1449 1750 1581 1819 etmihi
1601 1750 1758 1822 exhiberi
1775 1758 1920 1846 scripta,
1943 1769 1983 1826 ut
1998 1760 2041 1824 dc
2056 1759 2168 1827 sorana
2186 1758 2359 1828 orationis

1365 1877 1486 1921 eorum
1506 1855 1677 1936 iudicem,
1704 1871 1737 1923 et
1756 1881 1869 1924 aeream
1887 1859 1936 1925 eis
1952 1861 2159 1930 senteutiam
2174 1882 2359 1951 exponam.

1365 1952 1434 2021 llic
1463 1957 1551 2022 onlo
1579 1956 1777 2024 studiorum
1810 1954 1925 2026 adbuc
1955 1961 2097 2050 quidem
2122 1956 2212 2028 mihi
2235 1962 2360 2051 placet.

1366 2053 1437 2123 Nec
1461 2056 1579 2124 iudico
1602 2081 1659 2125 eos
1675 2058 1827 2127 nimium
1842 2061 1991 2128 onerari.
2044 2061 2239 2130 Servantur
2254 2063 2360 2130 etiam

1364 2156 1490 2224 idonea
1509 2159 1624 2226 sonmi
1640 2175 1807 2248 tempora.
1860 2159 1980 2247 Quare
1997 2185 2092 2230 rnmc
2108 2158 2199 2229 nihil
2215 2176 2359 2232 mutan-

1365 2259 1448 2323 dum
1466 2281 1538 2325 esse
1555 2283 1697 2342 censeo,
1731 2265 1789 2327 sed
1816 2284 1876 2328 ero
1894 2263 2072 2351 inspector
2089 2265 2252 2353 deinceps
2268 2287 2359 2354 quo-

1364 2383 1451 2448 que,
1486 2372 1519 2426 et
1545 2361 1572 2425 si
1597 2362 1682 2452 quid
1706 2363 1869 2429 iudicabo
1892 2366 2102 2431 scrutandum
2126 2386 2215 2447 esse,
2243 2387 2359 2430 eneam

1364 2459 1449 2548 ipsis
1465 2462 1672 2529 seutentiam
1690 2487 1872 2550 exponam.
1914 2462 1997 2532 Non
2013 2465 2141 2554 opinor
2159 2464 2264 2534 nobis
2283 2464 2359 2530 dis-

1363 2561 1493 2649 plicere
1541 2564 1634 2652 quod
1674 2562 1844 2630 Graecam
1888 2562 2163 2632 Graunnaticam
2187 2566 2356 2634 discum.

1362 2659 1453 2727 Nam
1470 2662 1546 2728 sine
1561 2687 1599 2728 cas
1618 2664 1816 2750 linguanae
1834 2665 1942 2732 latina
1959 2679 2053 2733 recte
2076 2665 2207 2754 percipi
2233 2677 2358 2754 potest.

1458 2778 1574 2830 alitem
1590 2761 1704 2831 Deum
1724 2779 1905 2834 aeternum
1922 2765 2062 2834 Patrem
2082 2764 2228 2832 Domini
2246 2764 2359 2832 neutri

1362 2976 1468 3050 regat.
1519 2961 1615 3030 Bene
1632 2965 1756 3036 valete.
1808 2963 1876 3033 Die
1891 2967 1952 3034 20.
1971 2967 2052 3033 lulii
2070 2991 2163 3034 anno
2185 2963 2294 3041 1545.

1905 3062 2092 3155 Philippus
2109 3065 2244 3139 Melan.

1368 3283 1542 3296 *a

1360 3446 1427 3515 Na.
1442 3444 1552 3514 3228.

1366 3541 1538 3570 Μ

2047 3453 2129 3533 (fere
2149 3455 2177 3515 d.
2201 3455 2256 3521 24.
2275 3451 2357 3539 lul.)

2068 3549 2335 3584 *m

1672 3644 1726 3728 N.
1756 3642 2036 3753 Amadoafio.

1428 3819 1448 3882 †
1473 3815 1511 3869 Ex
1528 3816 1684 3936 apoprapbo
1702 3818 1730 3870 in
1750 3817 1815 3871 cod.
1834 3817 1945 3874 Monac.
1964 3820 2009 3875 88.
2034 3838 2081 3878 no.
2100 3821 2150 3881 lV.
2174 3841 2202 3893 p.
2222 3821 2302 3875 ltob.
2322 3847 2355 3862 -

1463 3884 1576 3956 Discipu
1589 3904 1606 3938 o
1618 3903 1634 3938 a
1646 3884 1824 3940 Melanthona
1839 3887 2005 3959 praescripta
2019 3899 2067 3945 est.

1554 4028 1623 4128 (Ν.
1650 4029 1721 4127 Ν.)
1747 4031 1804 4104 ad
1825 4031 2161 4137 Amsdarsiuin.

1358 4147 1402 4236 S.
1428 4163 1473 4240 D.
1532 4166 1841 4241 Reverendissime
1864 4174 2008 4242 dominc
2039 4189 2073 4244 et
2095 4192 2243 4267 patrone
2272 4172 2356 4244 cha-

1359 4270 1507 4342 rissime.
1556 4266 1635 4339 Etsi
1658 4273 1809 4341 maxime
1828 4275 2011 4364 cupiebam
2028 4279 2262 4347 reverendum
2280 4274 2356 4345 Do-

1358 4369 1495 4439 minum
1518 4366 1563 4443 D.
1583 4363 1791 4440 Laterum
1816 4376 1857 4441 ad
1884 4389 1918 4443 te
1941 4377 2217 4465 proficiscentem
2243 4377 2356 4446 comi·

1358 4471 1446 4555 tari,
1480 4466 1573 4538 nibil
1595 4473 1690 4541 euim
1713 4473 1817 4541 video
1840 4474 2028 4560 libentius,
2048 4504 2167 4570 apuam
2191 4503 2256 4548 nos
2281 4502 2353 4548 xxxta
2436 4529 2441 4538 -

1358 4572 1603 4664 syncerissimo
1620 4576 1725 4643 corde
1740 4577 1784 4643 de
1801 4577 1907 4644 rebus
1924 4579 2085 4647 maximis
2102 4581 2354 4672 colloquentes,

1358 4686 1475 4741 tamen
1496 4674 1572 4743 sine
1594 4675 1677 4744 dato
1700 4689 1761 4744 tuo
1784 4699 1857 4744 uon
1879 4677 2051 4748 libentius
2077 4675 2161 4748 hinc
2186 4682 2354 4771 expellor,

1358 4775 1470 4842 mansi
1488 4776 1616 4864 potius.
1667 4775 1769 4844 Hanc
1790 4801 1875 4846 vero
1893 4780 2078 4868 epistolam
2096 4783 2177 4850 dedi
2198 4781 2242 4855 D.
2257 4773 2353 4850 Cru-

1359 4869 1543 4969 cigcro*),
1576 4890 1616 4944 ut
1634 4900 1747 4944 ineam
1772 4878 1837 4946 tibi
1858 4880 2095 4951 assiduitatem
2113 4884 2150 4950 iu
2166 4884 2352 4952 scribendo

1358 4980 1400 5042 rael
1417 4989 1451 5044 te
1469 4969 1696 5046 declararem.
1748 4975 1839 5047 Cum
1856 4982 1950 5048 enim
1971 4994 2004 5049 te
2018 4997 2058 5051 nt
2074 5000 2252 5074 parentem
2270 5007 2352 5052 vera

1358 5078 1485 5164 pietate
1503 5079 1691 5148 colendum
1708 5101 1780 5147 esse
1795 5082 1921 5165 sciam,
1947 5094 1981 5150 ct
1994 5097 2028 5150 te
2043 5108 2125 5168 voro
2142 5100 2279 5177 pectore
2296 5087 2353 5152 di-

1357 5177 1481 5266 ligam,
1506 5203 1645 5269 semper
1658 5180 1832 5250 voluntati
1849 5196 1928 5252 tuae
1945 5206 2078 5251 morem
2096 5209 2215 5276 gerere
2236 5189 2352 5279 cupio.

1454 5279 1554 5348 Nova
1577 5294 1714 5358 autem,
1748 5305 1837 5371 quae
1859 5277 1917 5351 hic
1939 5284 2121 5373 seruntur,
2164 5311 2352 5378 cognosces

1356 5403 1396 5447 ex
1420 5374 1475 5446 bis
1498 5381 1568 5450 tuis
1592 5376 1809 5472 hospitibus,
1843 5383 1973 5476 quibus
2000 5389 2197 5478 respublica
2223 5390 2351 5460 melius

1388 5685 1418 5752 *J
1437 5685 1623 5769 Proficiscenti
1644 5691 1677 5744 ad
1691 5689 1877 5746 ensdorfium
1897 5691 1924 5747 in
1945 5713 2025 5752 eausa
2040 5693 2158 5749 Medlerl
2179 5715 2242 5752 tum
2256 5701 2350 5755 Μῠῐθι

1422 5755 1494 5877 pepo
1506 5757 1620 5882 Ascripta
1642 5768 1681 5812 est
1703 5777 1746 5831 ep.
1766 5771 1880 5816 exeunte
1901 5761 1982 5820 lulio.
2030 5762 2090 5819 Vid.
2109 5764 2187 5836 epist.
2207 5767 2350 5842 crucigeri

1441 5863 1449 5879 .
1484 5864 1492 5879 .
1533 5845 1577 5897 ug.
