5325 6917
451 628 527 703 219
1028 620 1459 699 EPISTOLARUM
1515 623 1623 701 LIB.
1656 622 1720 698 IX.
1775 623 1908 701 1543.
2410 628 2488 703 220

453 802 596 872 duobus
610 797 670 869 diu
686 797 756 868 iam
774 798 961 881 meditata,
993 811 1028 869 et
1042 811 1197 887 tegamus
1218 791 1304 870 haec
1323 811 1444 864 nostra
1492 794 1602 869 Vides
1632 795 1671 864 in
1696 792 1843 865 Graecia
1874 811 1994 867 exorto
2026 799 2121 866 civili
2152 798 2247 865 bello
2279 820 2352 866 non
2384 798 2486 889 prius

454 904 625 982 vulnera,
651 898 728 966 aliis
744 922 884 991 quoque
903 896 1011 968 simus
1028 894 1244 976 hortatores,
1270 908 1310 964 ut
1325 896 1444 963 occul·
1493 920 1589 965 arma
1606 898 1763 984 deposita
1781 921 1870 982 esse,
1903 925 2007 991 quam
2024 900 2183 968 funditus
2201 899 2382 987 perierunt
2393 897 2486 968 Cor-

454 1015 542 1074 tent.
593 993 689 1067 Mihi
703 1013 734 1067 et
752 999 820 1068 fuit
835 1013 869 1068 et
884 999 951 1069 erit
968 1023 1091 1083 curae,
1124 1012 1165 1068 ut
1180 998 1273 1072 inter
1289 1020 1354 1064 nos
1370 1019 1444 1065 non
1493 1022 1595 1089 cyra,
1638 996 1833 1089 Mitylene,
1880 997 2065 1084 Messana,
2114 996 2299 1082 Athenae,
2347 998 2485 1087 Samos,

455 1105 572 1175 solum
592 1099 756 1168 induciae
778 1102 866 1181 sint,
898 1102 959 1169 sed
978 1101 1081 1191 etiam
1099 1123 1181 1168 vera
1198 1098 1444 1167 benevolentia
1493 1096 1638 1187 Sparta,
1665 1092 1822 1169 Thebae.
1873 1098 1965 1169 Nolo
1983 1102 2090 1190 igitur
2112 1125 2184 1169 esse
2207 1096 2485 1184 hortatum-nec

454 1217 596 1285 mutua,
621 1224 659 1269 ac
676 1225 793 1268 meum
809 1202 966 1271 animum
983 1215 1069 1293 puto
1086 1201 1208 1269 multis
1224 1212 1444 1291 perspectum
1493 1199 1545 1265 fni
1568 1222 1744 1290 unquam,
1778 1212 1817 1268 nt
1839 1201 1970 1268 bellurn
1991 1204 2194 1273 inseramus.
2262 1201 2485 1271 Moderatio-

455 1328 541 1379 esse.
1258 1302 1262 1309 ’
1493 1323 1574 1366 nem
1604 1300 1710 1367 etiam
1735 1301 1854 1389 optavi
1876 1316 2013 1370 nostros
2038 1326 2114 1369 eam
2139 1303 2177 1369 in
2203 1303 2354 1392 politicis
2377 1305 2485 1373 rebus

508 1420 510 1423 ’
556 1402 610 1476 De
626 1400 813 1473 Conventa
836 1417 869 1472 et
885 1402 1093 1493 Principum
1115 1401 1280 1493 periculis
1303 1422 1446 1487 magnas
1494 1415 1688 1491 praestare,
1709 1423 1753 1469 ne
1767 1403 1958 1493 aliquando
1976 1426 2112 1472 necesse
2130 1417 2218 1472 esset
2232 1396 2459 1494 ἀμύνεσθαι.

454 1509 560 1579 video
573 1505 828 1574 sollicitudines
845 1528 927 1576 esse.
977 1501 1054 1593 Ego
1069 1504 1108 1571 in
1125 1499 1189 1572 hac
1205 1501 1445 1571 consolatione

454 1606 659 1702 acquiesco,
685 1598 790 1674 Fato
813 1602 910 1672 oium
934 1603 1113 1674 invenient
1134 1600 1323 1699 aderitque
1340 1625 1445 1670 uocu-

456 1719 515 1779 lus
538 1704 657 1779 Iesus
716 1705 798 1777 Scio
822 1702 984 1775 homines
1004 1707 1150 1776 callidos
1173 1707 1294 1774 ludere
1322 1703 1446 1787 titulis,

455 1826 497 1882 ut
525 1811 687 1878 luserunt
716 1832 809 1875 anno
833 1809 1013 1897 superiore
1036 1823 1070 1878 et
1093 1807 1323 1900 iuliacenses,
1365 1829 1445 1872 cum

455 1914 632 1994 dicerent,
665 1933 700 1978 se
719 1933 792 1976 non
811 1911 940 1978 inferre
957 1910 1109 1993 bellum,
1141 1910 1201 1976 sed
1220 1898 1444 1999 ἀμύνεσθαι.

405 2067 408 2072 ,
455 2012 542 2084 Ideo
558 2011 700 2080 difficile
716 2024 767 2078 est
781 2011 959 2100 disputare
975 2013 1019 2078 de
1037 2035 1075 2079 ea
1092 2035 1147 2094 re,
1177 2011 1220 2078 de
1241 2032 1310 2101 qua
1333 2008 1371 2075 in
1391 2029 1447 2074 se-

455 2115 572 2186 cunda
599 2112 743 2202 epistola
767 2112 900 2181 scribis.
952 2111 1063 2202 Saepe
1089 2111 1311 2201 multumque
1331 2108 1444 2196 cogito

455 2210 644 2287 dehoram
663 2226 860 2300 temporum
885 2212 1088 2296 discordiis,
1106 2229 1222 2301 vsaepe
1244 2211 1446 2279 universam

454 2315 582 2385 mundi
598 2309 798 2396 historiam,
825 2326 996 2405 quatenus
1014 2328 1106 2384 extat
1124 2316 1161 2381 in
1182 2314 1293 2382 literis
1309 2309 1447 2379 Latinis

456 2431 492 2486 et
521 2413 684 2498 Graccis,
724 2429 864 2504 repeto,
911 2417 1053 2484 confero
1083 2429 1217 2497 motus,
1261 2413 1446 2481 considero
1514 2442 1522 2458 ·

455 2519 634 2600 bellorum
659 2515 817 2584 civilium
842 2515 971 2600 furias,
1004 2518 1212 2598 seditiones,
1245 2517 1366 2582 caedes
1388 2536 1448 2579 co-

456 2633 662 2709 gnatorum,
688 2616 780 2685 bella
797 2641 838 2685 ex
852 2617 954 2684 hellis
970 2630 1062 2689 nata.
1114 2615 1254 2685 Horum
1272 2616 1447 2682 malorum

456 2718 700 2808 magnitudine
723 2718 772 2786 sic
794 2741 959 2801 moveor,
995 2731 1034 2785 ut
1056 2741 1118 2806 ego
1147 2717 1290 2808 quidem
1318 2714 1449 2781 millies

455 2820 550 2891 mori
566 2820 706 2900 malim,
732 2842 836 2910 quarn
852 2819 907 2885 vel
924 2819 1024 2889 iustis
1041 2820 1147 2887 armis
1163 2817 1316 2899 delendi.
1357 2812 1448 2882 Vide

458 2935 629 3016 quantum
654 2920 804 3010 periculi
827 2943 922 2988 nunc
942 2920 987 2989 sit
1005 2944 1045 2987 ex
1060 2914 1325 2988 Brunsoicensi
1339 2937 1448 3003 nego-

459 3026 509 3095 tio
533 3036 663 3092 ortum.
727 3018 864 3089 Deinde
885 3019 1090 3110 Principum
1116 3033 1262 3087 naturae
1287 3017 1449 3090 conside-

458 3127 592 3196 randae
609 3136 702 3192 sunt.
753 3120 804 3191 Ut
820 3120 921 3192 Plato
938 3123 1116 3191 metuebat
1133 3124 1168 3188 in
1185 3117 1301 3187 Dione
1323 3111 1449 3187 αὐθά-

455 3224 579 3309 δειαν,
614 3247 703 3317 quae
723 3222 866 3313 quidem
884 3224 988 3291 exitio
1009 3223 1040 3291 ei
1061 3224 1146 3290 fuit:
1181 3223 1229 3288 sic
1249 3242 1311 3308 ego
1335 3218 1449 3287 nostri

458 3327 568 3398 Ducis
585 3317 814 3405 αὐθάδειαν,
848 3336 882 3391 et
895 3336 1058 3392 naturam
1077 3316 1279 3416 ἐρωτικὴν,
1308 3342 1449 3410 quaese

457 3450 533 3495 nou
550 3435 664 3513 potest
677 3423 855 3490 inflectere
871 3424 915 3490 ad
933 3424 1134 3493 retinendas
1156 3421 1345 3504 amicitias,
1375 3443 1449 3487 non

457 3549 603 3619 possum
619 3547 693 3591 non
711 3535 876 3591 metuere.
928 3519 1086 3592 Alterius
1104 3549 1206 3606 vero,
1235 3523 1335 3592 cuius
1350 3524 1450 3609 iuge-

457 3628 561 3696 nium
576 3624 688 3715 pluris
704 3623 868 3707 fecimus,
893 3624 1103 3693 domesticae
1118 3649 1173 3693 res
1189 3624 1357 3692 dicuntur
1373 3647 1450 3689 ma-

458 3730 512 3819 gis
527 3726 706 3817 magisque
721 3723 933 3808 deformari,
957 3720 1020 3795 καὶ
1033 3721 1144 3797 καινὰ
1161 3718 1353 3795 σκάνδαλα
1371 3720 1450 3815 διη-

457 3833 615 3929 γοῦνται
630 3821 735 3909 τινὲς,
764 3849 852 3918 quae
864 3826 1045 3918 inquirere
1060 3839 1094 3895 te
1108 3826 1260 3917 optarim
1274 3839 1309 3894 et
1322 3826 1449 3908 anniti,

436 3946 500 4021 ,ut
514 3952 664 3998 sanares.
696 3927 755 3998 Sic
770 3928 878 4017 igitur
891 3924 1105 3997 Ecclesiolae
1119 3944 1257 3998 nostrae
1272 3940 1311 3994 ut
1327 3928 1448 4019 cymba

458 4036 498 4101 in
520 4031 687 4100 fluctibus
706 4029 782 4097 sine
797 4053 913 4111 remo,
939 4030 1013 4098 siue
1030 4030 1108 4098 velo
1118 4026 1148 4124 ²)
1166 4031 1359 4110 iactantur,
1386 4050 1449 4095 nec

459 4132 600 4204 consilii
616 4131 809 4223 quidquam
829 4125 972 4199 habent.
1013 4129 1110 4199 Idem
1127 4131 1212 4199 dicit
1228 4141 1348 4198 noster
1361 4127 1451 4195 ami-

459 4258 521 4306 cus
539 4223 719 4316 Iacobus,
745 4230 881 4322 quoties
898 4232 936 4299 in
952 4257 1031 4300 eum
1048 4255 1244 4300 sermonem
1262 4230 1449 4299 delabitur.

459 4336 558 4425 Quid
585 4336 692 4423 igitur
713 4334 933 4416 faciendum,
965 4332 1108 4424 inquis?
1158 4331 1270 4401 Nobis
1295 4330 1448 4399 doctori-

458 4440 527 4507 bus
551 4437 720 4527 explicata
746 4430 874 4531 ratio³)
893 4449 953 4505 est.
1001 4432 1197 4503 Doceamus
1213 4435 1393 4501 moderate
1411 4455 1451 4501 ac

461 4537 582 4619 utilia,
620 4538 733 4604 donec
754 4534 850 4604 Deus
883 4535 987 4605 nobis
1011 4537 1301 4628 tranquillitatem
1326 4557 1451 4602 conce·

462 4638 535 4720 dit,
564 4649 683 4725 postea
707 4636 858 4703 cervices
882 4636 1102 4724 porrigamus
1125 4661 1185 4705 seu
1209 4636 1350 4717 alienis,
1391 4658 1449 4703 seu

461 4738 604 4808 nostris.
656 4731 732 4821 Ego
758 4759 830 4803 non
853 4736 966 4804 solum
988 4736 1120 4802 bellum
1146 4750 1177 4805 et
1195 4737 1348 4803 incertos
1366 4735 1451 4803 belli

463 4861 581 4920 casus,
604 4838 664 4904 sed
682 4835 787 4903 etiam
801 4836 984 4904 victoriam
1000 4848 1130 4907 metuo.

565 4937 662 5026 Quid
678 4938 721 5005 de
735 4933 940 5016 Centauris,
962 4931 1029 5003 lroc
1046 4950 1113 5015 est,
1141 4938 1183 5004 de
1200 4935 1377 5027 equitibus
1395 4935 1451 5003 di-

463 5040 564 5111 cam?
613 5036 718 5107 Nunc
740 5062 819 5105 cum
841 5037 1054 5105 iudiciorum
1077 5050 1110 5105 et
1133 5038 1249 5125 legum
1263 5037 1379 5104 minae
1394 5051 1453 5106 ut-

463 5165 602 5235 cunque
618 5140 841 5230 rapacitates,
866 5151 899 5206 et
914 5136 1093 5205 saevitiam
1111 5162 1233 5207 eorum
1250 5132 1452 5230 prohibent,

463 5245 564 5314 vides
583 5264 672 5334 pene
694 5240 932 5310 intolerabiles
953 5263 1040 5308 esse:
1069 5240 1155 5331 quid
1176 5242 1337 5309 futurum
1354 5253 1452 5322 esset,

464 5346 495 5414 si
525 5368 593 5439 qua
624 5344 740 5413 clades
770 5344 1005 5432 acciperetur,
1044 5341 1151 5435 quid,
1193 5341 1223 5409 si
1247 5341 1453 5410 vincerent?

466 5553 690 5565 ....----

499 5688 528 5750 9)
546 5682 648 5756 Spania.
665 5681 763 5735 edidiu
780 5686 861 5749 uelis,
879 5682 924 5736 sed
939 5682 1038 5754 legitor
1052 5685 1121 5738 uelo.

498 5771 526 5842 8)
545 5770 641 5825 Editor
651 5766 717 5840 libri
734 5765 778 5821 Vl.
791 5784 854 5838 res,
872 5767 1009 5823 mendose.

1594 1530 1698 1601 Nunc
1713 1527 1977 1603 Brunsvicensc
2001 1536 2178 1624 negotium
2202 1550 2236 1605 et
2259 1537 2346 1604 aliae
2370 1561 2486 1627 nugae

1493 1634 1649 1702 fortassis
1666 1634 1817 1727 aliquem
1831 1637 2023 1705 tumultum
2041 1638 2252 1709 excitabunt.
2303 1636 2373 1707 Sed
2391 1663 2487 1708 non-

1494 1737 1579 1803 dum
1605 1736 1742 1803 somnio
1769 1737 1871 1808 bella.
1923 1736 1994 1805 Nec
2017 1762 2226 1828 magnopere
2250 1763 2393 1808 moveor
2417 1736 2484 1810 hoc

1495 1850 1719 1923 argumento,
1749 1838 1861 1905 donec
1883 1838 1921 1905 in
1946 1840 2162 1927 possessione
2185 1852 2268 1925 sunt
2290 1864 2397 1929 opum
2413 1837 2485 1911 Ec-

1495 1937 1766 2006 clesiasticarum
1785 1940 1994 2023 adversarii,
2020 1939 2175 2008 nostram
2193 1941 2412 2010 iuventutem
2427 1943 2486 2009 in-

1494 2039 1575 2127 opia
1592 2039 1760 2108 deterreri
1777 2064 1795 2107 a
1813 2041 1943 2109 nostris
1959 2041 2103 2123 studiis,
2132 2054 2167 2110 et
2190 2042 2372 2110 defuturos
2395 2067 2486 2133 pau-

1494 2139 1593 2207 latim
1620 2141 1790 2211 doctores.
1852 2140 1891 2211 Si
1926 2154 1967 2210 ut
1996 2136 2166 2212 hactenus
2191 2144 2360 2232 paulatim
2386 2145 2487 2236 carpi

1494 2254 1677 2330 poterunt,
1709 2254 1744 2309 et
1758 2240 1939 2332 Principes
1960 2266 1999 2310 ac
2013 2241 2172 2333 Respub.
2194 2244 2285 2312 serio
2309 2246 2487 2316 curabunt

1494 2338 1685 2424 Ecclesias,
1718 2365 1791 2411 non
1812 2344 2067 2432 desperandum
2087 2344 2153 2413 erit
2169 2347 2212 2412 de
2227 2346 2362 2418 studiis.
2412 2344 2486 2416 Sed

1496 2467 1524 2511 sa
1550 2466 1625 2509 non
1648 2444 1916 2528 antevertimus,
1958 2444 2097 2536 inquiet
2125 2446 2268 2537 aliquis,
2312 2447 2486 2516 exercitus

1494 2539 1634 2611 hostilis
1667 2546 1795 2639 nudos-
1817 2546 2004 2635 opprimet.
2063 2544 2117 2614 Ne
2145 2542 2209 2615 hoc
2237 2548 2379 2639 quidem
2408 2547 2488 2616 freti

1495 2657 1625 2734 potest,
1651 2645 1682 2712 si
1696 2645 1809 2714 nostri
1825 2646 1895 2716 sint
1911 2646 2107 2735 vigilantes.
2159 2646 2228 2718 Sed
2253 2648 2387 2740 quoties
2412 2649 2486 2717 iam

1495 2767 1574 2812 vere
1592 2746 1846 2835 comperimus,
1878 2760 2016 2816 nostros
2031 2748 2099 2815 sibi
2116 2748 2201 2838 ipsis
2214 2749 2353 2817 tinxisse
2369 2763 2486 2819 terro·

1495 2844 1576 2913 res?
1627 2843 1789 2947 Denique
1811 2849 1849 2915 in
1875 2872 1912 2917 re
1934 2862 2029 2924 tanta
2060 2873 2167 2942 quam
2195 2851 2307 2920 multa
2333 2863 2385 2919 tot
2413 2850 2486 2919 iam

1496 2947 1599 3013 annis
1632 2961 1715 3017 suot
1747 2946 1953 3040 Principum
1993 2964 2027 3019 et
2066 2952 2252 3020 doctorum
2293 2951 2486 3021 domestica

1495 3040 1716 3141 σφάλματα,
1750 3072 1838 3140 quae
1861 3073 1917 3117 me
1936 3051 2136 3140 deplorasse
2153 3077 2193 3120 ac
2207 3052 2415 3121 frementem
2431 3065 2485 3121 ta-

1495 3171 1591 3215 xasse
1606 3149 1708 3217 multi
1726 3150 1879 3220 norunt!
1933 3149 2124 3243 Postquam
2143 3153 2309 3243 igiturex
2332 3154 2405 3221 illis
2427 3176 2486 3223 er·

1496 3249 1580 3316 ratis
1602 3272 1697 3317 nunc
1716 3251 1872 3340 pericula
1895 3268 2097 3336 creverunt,
2129 3255 2287 3324 animum
2313 3278 2486 3346 praeparo
2505 3296 2508 3299 >

1496 3352 1540 3418 ad
1560 3350 1724 3418 ferendos
1744 3366 1888 3422 eventus
1910 3355 2149 3423 moderatione
2165 3357 2295 3448 aliqua.
2345 3354 2489 3425 Princi-

1496 3469 1556 3541 pes
1579 3465 1697 3520 nostra
1720 3454 1865 3521 consilia
1889 3479 1962 3522 non
1984 3457 2144 3524 audiunt.
2195 3455 2314 3526 Sedet
2331 3469 2413 3526 ante
2432 3456 2487 3527 sui

1498 3552 1546 3620 eis
1568 3547 1729 3621 hortator
1751 3554 1795 3621 ad
1819 3556 2115 3640 moderationem,
2151 3570 2185 3626 et
2208 3553 2322 3626 adhuc
2347 3582 2428 3641 ero,
2455 3559 2488 3628 si

1497 3654 1576 3746 quis
1598 3655 1665 3723 erit
1688 3655 1796 3726 locus.
1849 3654 2046 3724 Metuerem
2065 3652 2337 3729 inconstantiam
2355 3659 2489 3729 volun-

1498 3770 1607 3824 tatum
1631 3756 1667 3822 in
1693 3755 1914 3845 potentibus,
1954 3761 2158 3848 praesertim
2181 3776 2277 3829 moto
2300 3760 2414 3844 bello,
2446 3784 2490 3831 ac

1497 3857 1740 3944 multomagis
1765 3857 1966 3942 victoriam,
2001 3859 2138 3927 etiamsi
2162 3856 2373 3928 haberemus
2388 3858 2489 3931 Con-

1496 3957 1669 4026 stantinos
1684 3971 1716 4027 et
1733 3952 1965 4032 Theodosios.
2015 3958 2120 4030 Nunc
2137 3986 2216 4030 cum
2234 3963 2305 4031 sint
2323 3963 2361 4029 in
2379 3962 2490 4056 sylvis

1496 4060 1590 4126 inter
1607 4072 1789 4128 venatores
1807 4076 1840 4129 et
1856 4075 2040 4129 centauros
2056 4085 2136 4131 suos
2163 4064 2307 4147 nutriti,
2338 4078 2372 4134 et
2395 4064 2489 4134 illud

1496 4155 1653 4250 πρέπον,
1692 4162 1788 4252 quod
1810 4161 1846 4228 in
1873 4153 1968 4232 tanta
1998 4188 2099 4232 causa
2124 4177 2277 4255 spectare
2300 4166 2491 4255 praecipue

1498 4262 1711 4345 debuerunt,
1745 4285 1930 4354 nunquam
1955 4267 2126 4346 curarint,
2162 4280 2221 4335 aut
2244 4280 2336 4334 certe
2361 4261 2490 4339 le‘viter

1498 4362 1672 4443 curarint,
1697 4362 1782 4454 quid
1800 4378 1915 4453 potest
1930 4366 1980 4432 eis
1996 4367 2135 4434 consilii
2150 4367 2253 4435 dari?

1599 4492 1695 4563 Haec
1710 4497 1832 4587 scripsi
1849 4498 2107 4587 simplicissimo
2123 4502 2260 4584 animo,
2286 4523 2324 4569 ac
2339 4512 2374 4569 te
2389 4524 2491 4592 rogo,

1499 4611 1538 4666 ut
1566 4622 1646 4665 cum
1676 4598 1800 4683 legeris
1831 4622 2020 4688 concerpas
2048 4601 2231 4689 epistolam
2248 4598 2289 4696 ⁴).
2353 4599 2491 4694 Scripsi

1499 4697 1592 4765 enim
1622 4712 1662 4766 ut
1690 4698 1755 4765 tibi
1786 4721 1898 4764 meam
1922 4700 2147 4788 opinionem,
2190 4703 2490 4795 quemadmodum

1499 4798 1646 4887 petiisti,
1678 4796 1922 4884 significarem.
1980 4797 2054 4868 lam
2080 4803 2117 4871 in
2143 4798 2209 4872 hoc
2232 4804 2307 4892 ipso
2336 4804 2489 4875 articulo

1499 4891 1614 4986 accepi
1636 4889 1886 4967 aColonieusi
1906 4898 2071 4993 Principe
2093 4905 2209 4973 literas
2230 4916 2264 4972 et
2285 4905 2491 4995 exemplum

1499 4999 1734 5068 ordinationis
1763 5000 1883 5070 addita
1906 4994 2131 5100 Groppcricu
2163 5004 2380 5075 refutatione·
2405 5005 2491 5077 satis

1500 5101 1616 5188 longa.
1669 5096 1837 5173 Arbitror
1847 5104 1919 5172 tibi
1932 5130 2072 5198 quoque
2089 5108 2191 5187 missa
2208 5129 2280 5176 esse
2294 5108 2467 5199 exempla.

1570 5271 1577 5278 ·
1600 5231 1773 5303 Turricus
1790 5234 1981 5328 Tyrannus
1998 5237 2143 5307 reditio
2162 5236 2365 5313 Thraciam.
2414 5237 2494 5311 Bo-

1500 5329 1656 5404 hemicae
1673 5337 1791 5426 copiae
1806 5339 1951 5408 domum
1967 5339 2159 5412 redierunt.
2203 5337 2300 5410 Deus
2315 5339 2408 5411 adsit
2423 5364 2495 5412 no·

1535 5692 1729 5831 4lediiiirtiiid
1749 5694 1844 5749 eodem
1865 5694 1951 5750 died.
1973 5701 1999 5752 4.
2013 5676 2086 5755 Nor}
2099 5700 2255 5758 Camerario
2274 5700 2369 5759 scribit
2388 5703 2423 5759 de
2442 5702 2504 5812 hae·
