5325 6917
342 753 418 828 ιιι
650 811 653 817 .
907 747 1339 827 nrrsrocannu
1397 746 1505 824 nm.
1537 746 1602 821 rx.
1657 747 1791 871 met,
2104 703 2106 708 ’
2300 752 2381 827 res

343 918 536 993 coercenda
558 924 753 993 iuventutis
784 923 975 1013 petulantia
1011 921 1227 1012 gravissime.
1285 916 1334 988 Et
1387 931 1613 986 enarraturus
1636 931 1687 986 est
1713 932 1746 987 et
1769 914 1936 1009 exemplis
1959 920 2211 994 illustraturus.
2268 922 2379 994 Prae-

343 1025 484 1095 additae
515 1038 598 1093 sont
631 1020 819 1093 Ambrosii
850 1025 1042 1093 sententiae
1077 1021 1333 1105 memorabiles,
1385 1018 1476 1106 leget
1492 1031 1607 1086 autem
1630 1013 1955 1093 horaduodecima.
2008 1020 2104 1091 Utile
2121 1037 2190 1107 cst,
2219 1018 2377 1097 hominis

343 1137 512 1216 tanquam
528 1126 735 1195 auctarium.
776 1124 896 1211 Quare
911 1125 977 1194 tibi
992 1137 1025 1193 et
1042 1119 1155 1193 habeo
1171 1123 1331 1212 gratiam,
1385 1120 1490 1208 periti
1506 1133 1540 1187 et
1558 1118 1700 1187 artificis
1719 1121 1931 1189 celeritatem
1947 1135 1982 1191 et
1998 1123 2376 1204 dexteritatemvidere

343 1238 380 1294 et
392 1226 540 1293 referam
557 1222 674 1295 αὐτοῦ
690 1228 745 1319 τῷ
759 1222 901 1319 μέτρῳ,
924 1225 1075 1293 vicissim
1093 1226 1227 1317 aliquid
1244 1222 1330 1291 scri·
1383 1233 1418 1287 et
1439 1220 1671 1293 considerare.
1725 1222 1861 1288 Acuere
1888 1223 1982 1290 enim
2002 1237 2036 1293 et
2050 1226 2219 1294 adiuvare
2235 1227 2375 1297 discen-

303 1352 310 1361 “
344 1338 485 1417 ptorum
509 1325 665 1408 mittam,
690 1351 769 1394 cum
793 1323 999 1394 habebimus
1017 1327 1207 1408 editiones,
1244 1347 1330 1416 quas
1382 1333 1434 1389 tes
1449 1334 1577 1411 potest:
1601 1342 1665 1388 nec
1681 1321 1860 1410 poenitere
1877 1324 1981 1392 dehet
1997 1326 2173 1394 studiosos
2189 1327 2324 1398 laboris
2341 1344 2376 1402 et

288 1469 291 1475 -
342 1425 544 1494 arbitrabor
564 1426 630 1494 tihi
653 1427 824 1516 voluptati
849 1429 936 1501 fore.
988 1425 1040 1517 De
1055 1425 1253 1496 Iuventutis
1270 1448 1331 1514 pe·
1382 1421 1584 1510 diligentiae
1600 1421 1637 1489 in
1653 1417 1887 1494 arithmetica.
1938 1422 2070 1515 Magna
2087 1426 2164 1496 laus
2181 1441 2232 1498 est
2249 1444 2284 1499 et
2297 1456 2375 1500 ma-

251 1529 255 1545 ⁸
343 1524 510 1610 tulantia,
534 1540 570 1595 et
592 1527 693 1595 viciis
708 1525 877 1618 Reipuhl.
900 1551 973 1595 non
997 1528 1142 1619 quidem
1162 1526 1329 1595 omitten-
1381 1545 1447 1610 gna
1471 1523 1625 1606 utilitas,
1650 1517 1741 1591 hanc
1757 1537 1867 1591 artem
1884 1538 2023 1605 tenere,
2051 1551 2140 1619 qnae
2161 1544 2196 1599 et
2219 1531 2375 1601 inomni

342 1627 408 1694 dae
429 1638 514 1695 sunt
534 1627 715 1718 querelae,
746 1631 807 1697 sed
830 1629 935 1696 dolor
962 1629 1073 1696 animi
1092 1628 1330 1696 moderandus
1380 1624 1451 1692 vita
1469 1636 1539 1692 tam
1554 1645 1719 1711 magnum
1734 1647 1837 1691 usum
1853 1621 1976 1710 habet,
2001 1641 2035 1696 et
2051 1628 2186 1698 aditum
2209 1633 2374 1723 patefacit

341 1738 404 1796 est·
429 1726 470 1797 si
484 1728 1011 1801 adiuvarenturconcionatores
1027 1744 1061 1798 et
1077 1732 1329 1817 gubernatores
1380 1727 1425 1792 ad
1452 1725 1648 1793 doctrinam
1683 1725 1727 1792 de
1757 1726 1913 1793 motibus
1937 1729 2156 1799 coelestibus.
2209 1731 2372 1801 Tantum

254 1881 256 1883 a
341 1822 543 1897 scholarum
565 1817 1329 1922 aPrincipibos,irencrriluventusmelius
1380 1825 1675 1914 impedimentum
1708 1838 1759 1894 est
1798 1849 2026 1916 progressuro
2065 1831 2104 1897 in
2136 1824 2374 1923 Philosophia

340 1942 468 2019 posset.
517 1926 588 1999 Sed
607 1952 708 2020 saepe
724 1932 833 2014 sensi,
858 1931 1033 2021 voluptati
1056 1954 1128 1999 esse
1149 1931 1239 1998 aulis
1261 1924 1328 1996 hoc
1381 1924 1543 2013 ignorare
1569 1919 1846 2010 arithmeticam,
1872 1943 2045 2019 quantum
2076 1930 2372 2022 impedimentum

341 2028 598 2118 spectaculum,
622 2054 702 2101 curn
718 2032 841 2102 vident
867 2055 948 2113 nos,
977 2026 1141 2124 tanquam
1165 2031 1203 2098 in
1222 2053 1327 2099 arena
1381 2041 1432 2096 est
1453 2028 1600 2096 coecitas
1619 2027 1687 2095 iter
1709 2050 1772 2116 per
1789 2027 1864 2095 loca
1882 2028 2048 2099 inusitata
2064 2032 2218 2104 facienti.
2269 2030 2318 2102 Et
2341 2035 2370 2102 si

340 2128 468 2197 luctari
481 2121 530 2220 *).
581 2127 751 2199 Feramus
776 2131 884 2220 igitur
915 2132 1053 2220 ingenti
1075 2126 1328 2222 philosophico
1380 2126 1460 2219 quis
1475 2122 1731 2197 arithmeticam
1747 2128 1972 2199 mediocriter
1986 2132 2170 2218 didicerit,
2191 2127 2295 2204 habet
2311 2159 2371 2204 ar-

242 2247 244 2249 ·
340 2240 374 2298 et
395 2224 597 2299 Christiano
618 2231 738 2300 animo
765 2231 936 2315 iniurias,
965 2258 1030 2303 nec
1052 2247 1236 2324 propterea
1262 2255 1328 2298 nos
1380 2241 1469 2306 tem,
1503 2252 1592 2321 quae
1623 2222 1815 2318 provehere
1849 2233 1998 2299 eumad
2028 2234 2231 2303 functiones
2254 2235 2368 2305 varias

339 2327 468 2398 abduci
482 2329 527 2399 ab
542 2329 658 2401 officio
673 2346 796 2402 nostro
814 2333 983 2419 sinamus,
1004 2357 1238 2425 repugnemus
1252 2356 1327 2400 me·
1380 2342 1492 2419 potest
1506 2345 1539 2399 et
1557 2328 1732 2421 praesidio
1750 2351 1823 2397 esse
1838 2329 1941 2399 vitae.
1993 2329 2078 2401 Ideo
2087 2349 2169 2410 non
2187 2335 2369 2424 negligen-

239 2475 245 2482 -
333 2429 508 2503 ,diocriter
528 2430 644 2501 furori
665 2426 871 2518 hominurn,
907 2444 942 2502 et
964 2433 995 2503 si
1019 2458 1107 2529 quos
1131 2456 1328 2526 possumus,
1379 2432 1423 2498 da
1438 2443 1490 2500 est
1506 2426 1592 2499 haec
1607 2453 1682 2515 ars,
1708 2450 1797 2523 quae
1814 2429 1958 2522 quidem
1974 2441 2101 2505 natura
2115 2435 2276 2506 omnium
2292 2438 2368 2527 pri-

337 2529 578 2601 flectamusad
595 2518 773 2606 virtutem.
823 2532 892 2603 Hic
907 2529 997 2602 mihi
1017 2558 1143 2625 scopos
1163 2534 1328 2626 proposi·
1380 2555 1434 2599 ma
1449 2543 1519 2616 est,
1543 2544 1584 2601 ut
1600 2553 1830 2600 numerorum
1852 2531 1986 2621 agnitio
2001 2536 2156 2627 primum
2177 2536 2299 2606 lumen
2317 2550 2368 2609 est

338 2641 395 2699 tus
410 2643 473 2714 est,
497 2625 556 2700 hic
570 2631 652 2700 linis
665 2655 826 2702 meorum
839 2633 1070 2705 consiliorum
1086 2648 1120 2704 et
1132 2629 1326 2704 meaePhi·
1377 2632 1517 2706 mentis.
1567 2628 1715 2727 (1544.)

336 2725 530 2819 losophiae.
569 2729 767 2802 Meministi
783 2734 915 2803 dictum
930 2736 1225 2824 sapientissimum
1233 2729 1324 2803 Fri.
1554 2745 1557 2750 ’

337 2823 451 2898 derisi
461 2828 591 2916 Ducis,
613 2826 798 2918 Tantum,
821 2842 1000 2931 quantum
1013 2859 1173 2930 possum.
1226 2836 1325 2905 ldem

336 2952 402 3000 nos
423 2930 462 2999 in
485 2944 608 3001 nostro
628 2956 776 3005 munere
790 2957 989 3028 sequamur.
1040 2930 1221 3008 Prosimos
1236 2936 1324 3009 Rei·
1977 2975 1981 2984 ·

333 3031 419 3122 pub.
433 3044 467 3100 et
481 3033 694 3122 posteritati,
720 3048 893 3129 quantum
909 3060 1094 3128 possumus
1102 3064 1111 3124 3
1138 3039 1324 3130 praesidia,
1375 3032 1441 3103 No.
1457 3032 1569 3107 tout.
1642 3073 1647 3079 —
2175 3037 2177 3043 ’
2204 3054 2261 3115 so.
2277 3044 2365 3130 Sept.

334 3134 492 3221 gratiam,
502 3135 656 3221 praemia
672 3133 776 3207 aDeo
790 3142 1025 3225 expectemus:
1041 3136 1209 3208 Humana
1222 3141 1321 3210 nulla
1380 3127 1552 3160 Μ
2018 3214 2023 3222 ,
2060 3217 2061 3221 ,
2196 3136 2364 3165 Μ

334 3248 428 3302 sunt.
479 3232 549 3303 llic
569 3230 799 3312 scholasticus
819 3231 1052 3308 Lisnicensis
1073 3241 1197 3309 scribit
1225 3242 1323 3311 solu·
1647 3232 1794 3315 Ionon.
1827 3230 2089 3323 CamerariO.

334 3346 406 3401 tam
443 3335 657 3417 orationem,
691 3348 725 3405 et
753 3360 875 3406 versus
899 3341 1159 3415 satiserudite.
1216 3340 1321 3410 Nunc
1440 3385 1572 3459 Epwd
1588 3388 1723 3445 camerac.
1740 3408 1767 3461 p.
1781 3390 1832 3445 486
1844 3409 1888 3463 ,Ψ
1907 3391 1962 3460 (et.
1977 3390 2066 3448 Lond.
2080 3392 2128 3449 m,
2142 3394 2191 3453 [v.
2206 3399 2343 3470 epm).
2387 3358 2389 3361 ’

335 3444 432 3513 orat,
458 3431 519 3529 qui
538 3432 759 3521 praeficiatur
776 3430 917 3506 scholae
931 3435 1128 3515 Bornensi.
1179 3441 1269 3513 Nam
1291 3444 1322 3511 is
2038 3486 2041 3490 ·

334 3531 397 3624 qui
414 3532 727 3602 suerataccersitus
743 3549 904 3606 mortuus
918 3554 980 3611 est.
1032 3540 1182 3613 Videtur
1204 3558 1319 3613 autem
1372 3530 1597 3611 Clarissimo
1620 3540 1697 3611 viro
1715 3533 1926 3617 eruditione
1952 3552 1984 3613 et
2006 3544 2134 3616 virtute
2154 3517 2379 3646 praestanti

332 3626 392 3700 hic
408 3620 612 3699 Clitianus
628 3635 785 3704 modesto
803 3650 836 3707 et
856 3638 951 3709 bono
970 3642 1112 3729 ingenio
1131 3647 1319 3734 praeditus.
1373 3639 1400 3712 I
1406 3637 1545 3713 oachi
1549 3667 1614 3711 mo
1641 3635 1705 3713 Ca
1713 3668 1760 3712 m.
1794 3639 1888 3719 Pub.
1912 3640 2065 3716 Rectori
2088 3644 2206 3727 Acuti.
2230 3648 2363 3750 Lipsi—

245 3746 254 3771 ‘
332 3728 382 3801 Et
396 3730 583 3821 pollicetur
599 3756 635 3803 se
655 3758 729 3804 non
751 3737 828 3806 fore
844 3754 1084 3810 contumacem
1102 3748 1270 3817 adversus
1287 3762 1320 3817 te
1643 3766 1722 3824 coe,
1747 3744 1866 3813 amico
1881 3769 1949 3815 ⁸1¹0
1964 3746 2092 3818 cariss-

333 3832 662 3951 ²¹ff⁰¹¹⁰i⁰¹¹³¹⁰¹f⁸'
711 3834 794 3907 ¹d⁰⁰
810 3863 891 3908 ‘¹¹¹⁰
912 3842 1216 3920 libl⁰⁰¹¹¹¹¹¹⁰¹¹d⁰·
1263 3846 1318 3917 Ad
1371 3859 1418 3948 S.
1444 3877 1489 3949 D.
1539 3877 1646 3948 Hune
1668 3877 1874 3947 fasciculum
1898 3879 2047 3970 accipies
2069 3883 2186 3951 avico
2209 3878 2359 3956 honesto

313 3930 547 4050 'EP¹⁸⁶⁰P¹¹¹¹¹
570 3927 755 4007 omnum
786 3940 872 4016 ³¹¹³³
897 3944 1060 4019 stubam·
1109 3944 1207 4017 ΒΜ
1231 3950 1320 4023 ‘'²¹¹“
1373 3995 1409 4049 et
1432 3983 1521 4049 bene
1548 3980 1674 4049 merito
1706 3983 1751 4047 de
1776 3976 1954 4065 Ecclesia,
1984 3975 2156 4051 Iohanne
2180 3978 2361 4069 Textorio

332 4029 400 4104 Dte
414 4035 478 4109 28.
494 4035 674 4127 Septemb.
1374 4080 1518 4150 Pastore
1531 4076 1708 4149 Ecclesiae
1727 4076 1940 4176 Neapoli¹),
1966 4083 2031 4153 sita
2053 4084 2091 4152 in
2111 4083 2289 4178 Tyrigetis
2312 4091 2359 4158 ad

1373 4181 1506 4248 flumen
1528 4178 1735 4264 Aurelium,
1764 4181 1827 4273 qui
1851 4195 1890 4252 ut
1910 4184 2046 4253 aditum
2069 4185 2113 4253 ad
2138 4199 2173 4255 te
2205 4181 2359 4275 haberet,

1350 4283 1556 4372 'epistolam
1580 4305 1601 4349 a
1624 4305 1679 4350 me
1700 4283 1880 4371 flagitavit.
1936 4283 2069 4373 Magno
2093 4286 2198 4356 nobis
2221 4291 2302 4359 usui
2322 4305 2358 4362 et

1323 4400 1325 4405 ’
1373 4384 1442 4453 fuit
1458 4396 1493 4453 et
1507 4379 1558 4452 e'st
1573 4382 1612 4451 in
1629 4396 1701 4452 tota
1720 4376 1893 4477 διοικήσει
1908 4387 1952 4453 ad
1968 4384 2110 4470 Salam,
2131 4402 2167 4458 et
2183 4403 2233 4460 est
2249 4385 2356 4461 homo

330 4424 527 4552 Ψ·
1118 4448 1321 4569 (Q)
1370 4480 1533 4583 γνησίως
1546 4475 1733 4581 φράγκος,
1757 4509 1839 4553 vere
1854 4486 2025 4556 candidus
2041 4498 2076 4555 et
2094 4487 2247 4579 integer,
2269 4492 2358 4562 fuit-

664 4573 670 4577 ”
702 4626 738 4711 S
788 4631 838 4714 d,
897 4640 905 4656 ,
1371 4611 1439 4679 que
1454 4586 1596 4677 Lipsiae
1610 4581 1862 4680 συμφοιτητὴς
1883 4601 1985 4671 tuus,
2011 4600 2045 4656 et
2063 4582 2121 4659 hic
2142 4613 2215 4661 una
2231 4591 2357 4664 fuistis.

737 4641 785 4715 tu
818 4662 941 4720 ΨΜ·
1371 4685 1490 4776 Quare
1503 4701 1543 4755 ut
1562 4709 1643 4755 eum
1657 4687 1905 4776 complectare,
1930 4710 2028 4777 rogo.

427 4778 619 4851 &npnpuht
633 4780 749 4839 thet.
764 4787 799 4843 T.
815 4790 835 4846 ι,
853 4811 880 4864 p.
894 4792 962 4852 9512,
1481 4784 1590 4884 Mitto
1607 4785 1674 4856 tibi
1691 4786 1874 4877 epistolam
1891 4783 2148 4878 Hungaricam‚
2170 4791 2210 4859 in
2236 4817 2306 4887 qua
2320 4806 2355 4866 et
2406 4782 2409 4795 ’

413 4936 416 4940 ,
617 4929 625 4948 .
664 4931 672 4950 .
1369 4879 1532 4955 historias
1549 4886 1719 4977 quasdam
1742 4901 1898 4957 recentes
1911 4886 2165 4978 Hungarorum
2178 4892 2290 4983 leges,
2320 4909 2354 4965 et

345 5037 365 5069 w
531 4922 571 5001 P
573 4923 649 5002 '²⁸1
655 4958 791 5032 ‘PW
814 4937 873 5010 M
876 4967 892 5012 θ
901 4941 919 5012 Ῑ
926 4954 1005 5068 ant
1014 4940 1147 5063 Μ’,
1366 4985 1504 5055 videbis
1519 4999 1677 5055 nostram
1691 4987 1965 5059 familiaritatem
1979 4990 2059 5060 aliis
2074 4992 2180 5062 bouis
2194 4988 2354 5065 homini-

327 5040 439 5132 Extat
454 5061 629 5162 libellus,
642 5068 700 5138 cui
717 5068 841 5140 titulus
859 5087 909 5144 est
922 5072 1084 5173 Isagoge
1098 5076 1314 5153 Aritbmeti-
1365 5085 1432 5156 bus
1446 5087 1550 5157 etiam
1566 5087 1759 5159 iucundam
1774 5112 1858 5163 esse.

327 5184 400 5248 ces,
421 5163 581 5245 *collecta
613 5182 649 5238 et
680 5171 775 5241 edita
806 5197 869 5262 per
900 5171 1135 5251 Ioachr’nmm
1164 5182 1314 5256 Ammo-
1454 5179 1595 5287 ¹Aciyor
1612 5188 1864 5289 πανηγυρικὸς
1878 5187 1913 5285 ²)
1935 5185 2017 5283 περὶ
2033 5180 2089 5264 ὧν
2104 5189 2351 5291 &militnm

326 5261 430 5331 nium
448 5258 683 5353 Νἱιειιιειιη,
709 5273 863 5366 quisine
886 5280 1317 5371 amhagibushrevissima·
1364 5288 1403 5357 in
1427 5291 1587 5382 proxima
1616 5292 1783 5383 epistola,
1813 5287 1900 5381 ruri
1922 5287 2181 5384 ἐκδεδομένος,
2212 5291 2353 5393 aerios

206 5437 212 5445 ,
285 5468 287 5473 ,
323 5379 507 5457 praecepta
536 5370 711 5456 continet,
751 5400 903 5468 quorum
931 5384 1105 5455 maximus
1134 5410 1219 5460 usus
1249 5403 1312 5460 est.
1361 5396 1440 5478 τῶν
1460 5384 1687 5491 δημηγόρωιι
1707 5388 1858 5490 φρένας·
1908 5390 2013 5464 Μθῦδ
2037 5395 2253 5471 fratermihi
2271 5423 2350 5493 gra·

302 5558 304 5562 y
323 5459 433 5535 Hunc
449 5468 610 5538 libellum
626 5466 655 5539 I
652 5465 819 5548 ohannes
834 5472 880 5547 F
874 5473 1032 5580 tscher¹)
1056 5482 1309 5561 Arithmeticus
1899 5538 1902 5544 ’
2268 5545 2270 5549 ·

319 5646 529 5664 m

352 5751 384 5819 ι)
403 5752 460 5808 Μ’,
488 5757 598 5811 pmcn·
1395 5718 1423 5786 1)
1441 5705 1573 5772 Neostadt
1590 5738 1627 5773 an
1646 5686 1695 5773 der
1713 5716 1792 5775 oms
1838 5719 1970 5778 lohannes
1985 5723 2107 5793 Weber,
2125 5726 2182 5785 vid.
2202 5747 2247 5801 ep.
2270 5729 2350 5787 turb,

347 5820 350 5826 ·
461 5789 471 5809 ⁶
597 5795 605 5813 ⁸
1427 5785 1455 5839 d.
1471 5788 1494 5840 l.
1508 5786 1576 5844 Nor.
1591 5788 1667 5842 test.
1678 5790 1749 5860 apud
1763 5788 1797 5842 de
1808 5786 1904 5845 Wett.
1917 5790 1950 5847 Τ.
1965 5792 2001 5850 V.
2011 5814 2040 5867 p.
2053 5794 2115 5849 69&

355 5840 388 5909 1)
407 5836 467 5904 th,
482 5838 516 5895 de
528 5833 562 5898 eo
573 5861 617 5917 ep.
630 5843 658 5903 d.
673 5846 701 5901 7.
715 5844 845 5920 sepita.
861 5855 939 5919 ists.
1174 5927 1178 5933 ἱ
1325 5915 1327 5919 ,
1390 5871 1421 5948 2)
1438 5870 1550 5927 Lethen
1561 5870 1669 5928 libellos
1681 5871 1714 5927 de
1728 5890 1814 5931 soene
1827 5892 1915 5931 sacrm
