<?xml version="1.0" encoding="UTF-8"?>
<!DOCTYPE html PUBLIC "-//W3C//DTD XHTML 1.0 Transitional//EN"
    "http://www.w3.org/TR/xhtml1/DTD/xhtml1-transitional.dtd">
<html xmlns="http://www.w3.org/1999/xhtml" xml:lang="en" lang="en">
 <head>
  <title>
</title>
<meta http-equiv="Content-Type" content="text/html;charset=utf-8" />
  <meta name='ocr-system' content='tesseract 3.04.00' />
  <meta name='ocr-capabilities' content='ocr_page ocr_carea ocr_par ocr_line ocrx_word'/>
</head>
<body>
  <div class='ocr_page' id='page_1' title='image "./philippimelanth10melagoog_0131.png"; bbox 0 0 5325 6917; ppageno 0'>
   <div class='ocr_carea' id='block_1_1' title="bbox 202 787 1197 1155">
    <p class='ocr_par' dir='ltr' id='par_1_1' title="bbox 202 787 1197 1155">
     <span class='ocr_line' id='line_1_1' title="bbox 202 787 275 862; baseline -0.082 0"><span class='ocrx_word' id='word_1_1' title='bbox 202 787 275 862; x_wconf 79' lang='lat'><strong>221</strong></span> 
     </span>
     <span class='ocr_line' id='line_1_2' title="bbox 204 943 1196 1044; baseline -0.015 -14"><span class='ocrx_word' id='word_1_2' title='bbox 204 957 276 1042; x_wconf 85' lang='lat' dir='ltr'><strong>bis,</strong></span> <span class='ocrx_word' id='word_1_3' title='bbox 310 970 344 1027; x_wconf 91' lang='lat' dir='ltr'><strong>et</strong></span> <span class='ocrx_word' id='word_1_4' title='bbox 367 967 481 1024; x_wconf 89' lang='lat' dir='ltr'><strong>servet</strong></span> <span class='ocrx_word' id='word_1_5' title='bbox 496 950 662 1044; x_wconf 84' lang='lat' dir='ltr'>reliquias</span> <span class='ocrx_word' id='word_1_6' title='bbox 680 975 762 1021; x_wconf 87' lang='lat' dir='ltr'><strong>suae</strong></span> <span class='ocrx_word' id='word_1_7' title='bbox 776 946 965 1021; x_wconf 81' lang='lat' dir='ltr'><strong>Ecclesiae.</strong></span> <span class='ocrx_word' id='word_1_8' title='bbox 1017 943 1061 1016; x_wconf 94' lang='lat' dir='ltr'><strong>ln</strong></span> <span class='ocrx_word' id='word_1_9' title='bbox 1077 946 1196 1016; x_wconf 91' lang='lat' dir='ltr'><strong>Tran-</strong></span> 
     </span>
     <span class='ocr_line' id='line_1_3' title="bbox 206 1046 1197 1155; baseline -0.006 -27"><span class='ocrx_word' id='word_1_10' title='bbox 206 1057 363 1155; x_wconf 84' lang='lat' dir='ltr'><strong>sylvania</strong></span> <span class='ocrx_word' id='word_1_11' title='bbox 393 1057 461 1125; x_wconf 91' lang='lat' dir='ltr'><strong>late</strong></span> <span class='ocrx_word' id='word_1_12' title='bbox 485 1054 658 1124; x_wconf 82' lang='lat' dir='ltr'><strong>illucescit</strong></span> <span class='ocrx_word' id='word_1_13' title='bbox 681 1049 929 1141; x_wconf 80' lang='lat' dir='ltr'><strong>Evangelium.</strong></span> <span class='ocrx_word' id='word_1_14' title='bbox 987 1046 1085 1117; x_wconf 87' lang='lat' dir='ltr'><strong>Bene</strong></span> <span class='ocrx_word' id='word_1_15' title='bbox 1107 1049 1197 1122; x_wconf 90' lang='lat' dir='ltr'><strong>vale.</strong></span> 
     </span>
    </p>
   </div>
   <div class='ocr_carea' id='block_1_2' title="bbox 205 1154 1146 1344">
    <p class='ocr_par' dir='ltr' id='par_1_2' title="bbox 205 1154 1146 1344">
     <span class='ocr_line' id='line_1_4' title="bbox 205 1154 1146 1344; baseline -0.01 -18"><span class='ocrx_word' id='word_1_16' title='bbox 205 1158 270 1234; x_wconf 56' lang='lat' dir='ltr'><strong>Dm</strong></span> <span class='ocrx_word' id='word_1_17' title='bbox 288 1158 325 1234; x_wconf 45' lang='lat'><strong>4⁰</strong></span> <span class='ocrx_word' id='word_1_18' title='bbox 341 1157 554 1229; x_wconf 76' lang='lat' dir='ltr'><strong>N0vemb11⁵</strong></span> <span class='ocrx_word' id='word_1_19' title='bbox 578 1154 606 1251; x_wconf 75' lang='grc'>)</span> <span class='ocrx_word' id='word_1_20' title='bbox 659 1247 884 1344; x_wconf 86' lang='lat' dir='ltr'><strong>†Philippus</strong></span> <span class='ocrx_word' id='word_1_21' title='bbox 905 1246 1146 1320; x_wconf 80' lang='lat' dir='ltr'><strong>Melanthon.”</strong></span> 
     </span>
    </p>
   </div>
   <div class='ocr_carea' id='block_1_3' title="bbox 210 1616 521 1724">
    <p class='ocr_par' dir='ltr' id='par_1_3' title="bbox 210 1616 521 1724">
     <span class='ocr_line' id='line_1_5' title="bbox 210 1616 521 1724; baseline -0.039 -1"><span class='ocrx_word' id='word_1_22' title='bbox 210 1648 269 1724; x_wconf 83' lang='lat' dir='ltr'><strong>No.</strong></span> <span class='ocrx_word' id='word_1_23' title='bbox 283 1629 396 1719; x_wconf 80' lang='grc'><strong>2791.</strong></span> <span class='ocrx_word' id='word_1_24' title='bbox 482 1616 486 1623; x_wconf 26' lang='grc' dir='ltr'>Ι</span> <span class='ocrx_word' id='word_1_25' title='bbox 517 1660 521 1664; x_wconf 85' lang='grc'><em>·</em></span> 
     </span>
    </p>
   </div>
   <div class='ocr_carea' id='block_1_4' title="bbox 216 1742 924 1907">
    <p class='ocr_par' dir='ltr' id='par_1_4' title="bbox 216 1742 924 1907">
     <span class='ocr_line' id='line_1_6' title="bbox 216 1742 383 1780; baseline -0.012 -1"><span class='ocrx_word' id='word_1_26' title='bbox 216 1742 383 1780; x_wconf 52' lang='grc' dir='ltr'>Μ</span> 
     </span>
     <span class='ocr_line' id='line_1_7' title="bbox 478 1819 924 1907; baseline 0.002 -2"><span class='ocrx_word' id='word_1_27' title='bbox 478 1824 631 1907; x_wconf 81' lang='lat' dir='ltr'><strong>Iooch.</strong></span> <span class='ocrx_word' id='word_1_28' title='bbox 664 1819 924 1907; x_wconf 82' lang='lat' dir='ltr'><strong>Comerorto.</strong></span> 
     </span>
    </p>
   </div>
   <div class='ocr_carea' id='block_1_5' title="bbox 1069 1731 1197 1758">
    <p class='ocr_par' dir='ltr' id='par_1_5' title="bbox 1069 1731 1197 1758">
     <span class='ocr_line' id='line_1_8' title="bbox 1069 1731 1197 1758; baseline -0.008 0"><span class='ocrx_word' id='word_1_29' title='bbox 1069 1731 1197 1758; x_wconf 54' lang='lat' dir='ltr'>M</span> 
     </span>
    </p>
   </div>
   <div class='ocr_carea' id='block_1_6' title="bbox 274 1995 1174 2079">
    <p class='ocr_par' dir='ltr' id='par_1_6' title="bbox 159 1965 1174 2079">
     <span class='ocr_line' id='line_1_9' title="bbox 274 1995 1174 2079; baseline 0.008 -25.094"><span class='ocrx_word' id='word_1_30' title='bbox 274 2005 360 2079; x_wconf 82' lang='lat' dir='ltr'><strong>Epist.</strong></span> <span class='ocrx_word' id='word_1_31' title='bbox 373 2005 408 2058; x_wconf 80' lang='lat' dir='ltr'><strong>ad</strong></span> <span class='ocrx_word' id='word_1_32' title='bbox 423 2001 560 2059; x_wconf 82' lang='lat' dir='ltr'><strong>Camerar.</strong></span> <span class='ocrx_word' id='word_1_33' title='bbox 578 2018 605 2071; x_wconf 90' lang='lat' dir='ltr'><strong>p.</strong></span> <span class='ocrx_word' id='word_1_34' title='bbox 617 1997 668 2054; x_wconf 74' lang='lat'><strong>436</strong></span> <span class='ocrx_word' id='word_1_35' title='bbox 680 2015 739 2067; x_wconf 82' lang='lat' dir='ltr'><strong>sqq.</strong></span> <span class='ocrx_word' id='word_1_36' title='bbox 758 1996 812 2064; x_wconf 87' lang='lat' dir='ltr'><strong>(ed.</strong></span> <span class='ocrx_word' id='word_1_37' title='bbox 825 1997 912 2050; x_wconf 89' lang='lat' dir='ltr'><strong>Lond.</strong></span> <span class='ocrx_word' id='word_1_38' title='bbox 924 1995 972 2050; x_wconf 88' lang='lat' dir='ltr'><strong>lib.</strong></span> <span class='ocrx_word' id='word_1_39' title='bbox 986 1995 1034 2051; x_wconf 76' lang='lat' dir='ltr'><strong>lv,</strong></span> <span class='ocrx_word' id='word_1_40' title='bbox 1047 2013 1090 2065; x_wconf 79' lang='lat' dir='ltr'><strong>ep.</strong></span> <span class='ocrx_word' id='word_1_41' title='bbox 1103 1995 1174 2061; x_wconf 73' lang='lat' dir='ltr'><strong>3⁰8d</strong></span> 
     </span>
    </p>
   </div>
   <div class='ocr_carea' id='block_1_7' title="bbox 159 2301 167 2410">
    <p class='ocr_par' dir='ltr' id='par_1_7' title="bbox 159 2263 167 2410">
     <span class='ocr_line' id='line_1_10' title="bbox 159 2301 167 2410; baseline 0 0"><span class='ocrx_word' id='word_1_42' title='bbox 159 2301 167 2410; x_wconf 73' lang='lat' dir='ltr'><strong>t</strong></span> 
     </span>
    </p>
   </div>
   <div class='ocr_carea' id='block_1_8' title="bbox 159 2953 162 3330">
    <p class='ocr_par' dir='ltr' id='par_1_8' title="bbox 159 2953 162 3330">
     <span class='ocr_line' id='line_1_11' title="bbox 159 2953 162 3021; baseline 0 0"><span class='ocrx_word' id='word_1_43' title='bbox 159 2953 162 3021; x_wconf 76' lang='lat' dir='ltr'><strong>i</strong></span> 
     </span>
     <span class='ocr_line' id='line_1_12' title="bbox 159 3041 162 3133; baseline 0 -39"><span class='ocrx_word' id='word_1_44' title='bbox 159 3041 162 3133; x_wconf 64' lang='lat' dir='ltr'><strong>t</strong></span> 
     </span>
     <span class='ocr_line' id='line_1_13' title="bbox 159 3280 162 3330; baseline 0 0"><span class='ocrx_word' id='word_1_45' title='bbox 159 3280 162 3330; x_wconf 72' lang='lat' dir='ltr'><strong>t</strong></span> 
     </span>
    </p>
   </div>
   <div class='ocr_carea' id='block_1_9' title="bbox 159 3337 163 3442">
    <p class='ocr_par' dir='ltr' id='par_1_9' title="bbox 159 3337 163 3442">
     <span class='ocr_line' id='line_1_14' title="bbox 159 3337 163 3442; baseline 0 0"><span class='ocrx_word' id='word_1_46' title='bbox 159 3337 163 3442; x_wconf 81' lang='lat' dir='ltr'><strong>l</strong></span> 
     </span>
    </p>
   </div>
   <div class='ocr_carea' id='block_1_10' title="bbox 210 2149 1201 2438">
    <p class='ocr_par' dir='ltr' id='par_1_10' title="bbox 210 2149 1201 2438">
     <span class='ocr_line' id='line_1_15' title="bbox 212 2149 1196 2248; baseline -0.017 -11"><span class='ocrx_word' id='word_1_47' title='bbox 212 2157 430 2240; x_wconf 78' lang='lat' dir='ltr'><strong>Clarissimo</strong></span> <span class='ocrx_word' id='word_1_48' title='bbox 457 2155 571 2241; x_wconf 75' lang='lat' dir='ltr'><strong>viro,</strong></span> <span class='ocrx_word' id='word_1_49' title='bbox 591 2151 737 2248; x_wconf 79' lang='lat' dir='ltr'><strong>egregio</strong></span> <span class='ocrx_word' id='word_1_50' title='bbox 770 2149 972 2231; x_wconf 77' lang='lat' dir='ltr'><strong>eruditione</strong></span> <span class='ocrx_word' id='word_1_51' title='bbox 1004 2160 1035 2219; x_wconf 80' lang='lat' dir='ltr'><strong>et</strong></span> <span class='ocrx_word' id='word_1_52' title='bbox 1070 2150 1196 2220; x_wconf 77' lang='lat' dir='ltr'><strong>virtute</strong></span> 
     </span>
     <span class='ocr_line' id='line_1_16' title="bbox 210 2247 1201 2371; baseline -0.019 -31"><span class='ocrx_word' id='word_1_53' title='bbox 210 2263 374 2366; x_wconf 82' lang='lat' dir='ltr'><strong>praedito</strong></span> <span class='ocrx_word' id='word_1_54' title='bbox 391 2258 419 2331; x_wconf 94' lang='lat' dir='ltr'><em>I</em></span> <span class='ocrx_word' id='word_1_55' title='bbox 424 2254 634 2332; x_wconf 84' lang='lat' dir='ltr'><strong>oachimo</strong></span> <span class='ocrx_word' id='word_1_56' title='bbox 655 2247 943 2371; x_wconf 69' lang='lat' dir='ltr'><strong>Comerqrio,</strong></span> <span class='ocrx_word' id='word_1_57' title='bbox 971 2248 1201 2350; x_wconf 79' lang='lat' dir='ltr'><strong>Papergensi</strong></span> 
     </span>
     <span class='ocr_line' id='line_1_17' title="bbox 484 2380 914 2438; baseline -0.012 -10"><span class='ocrx_word' id='word_1_58' title='bbox 484 2383 602 2429; x_wconf 79' lang='lat' dir='ltr'><strong>omrco</strong></span> <span class='ocrx_word' id='word_1_59' title='bbox 617 2381 685 2430; x_wconf 82' lang='lat' dir='ltr'><strong>suo</strong></span> <span class='ocrx_word' id='word_1_60' title='bbox 703 2380 914 2438; x_wconf 74' lang='lat' dir='ltr'><strong>carissimo,</strong></span> 
     </span>
    </p>
   </div>
   <div class='ocr_carea' id='block_1_11' title="bbox 206 2483 1196 3593">
    <p class='ocr_par' dir='ltr' id='par_1_11' title="bbox 206 2483 1196 3593">
     <span class='ocr_line' id='line_1_18' title="bbox 208 2483 1196 2584; baseline -0.018 -7"><span class='ocrx_word' id='word_1_61' title='bbox 208 2483 248 2577; x_wconf 76' lang='lat' dir='ltr'><strong>S.</strong></span> <span class='ocrx_word' id='word_1_62' title='bbox 274 2502 320 2573; x_wconf 83' lang='lat' dir='ltr'><strong>D·</strong></span> <span class='ocrx_word' id='word_1_63' title='bbox 371 2497 570 2568; x_wconf 72' lang='lat' dir='ltr'><strong>Meministi</strong></span> <span class='ocrx_word' id='word_1_64' title='bbox 590 2495 747 2564; x_wconf 86' lang='lat' dir='ltr'><strong>fabulam</strong></span> <span class='ocrx_word' id='word_1_65' title='bbox 765 2496 807 2560; x_wconf 90' lang='lat' dir='ltr'><strong>de</strong></span> <span class='ocrx_word' id='word_1_66' title='bbox 823 2492 1033 2584; x_wconf 76' lang='lat' dir='ltr'><strong>antiquitate</strong></span> <span class='ocrx_word' id='word_1_67' title='bbox 1048 2490 1196 2580; x_wconf 82' lang='lat' dir='ltr'><strong>originis</strong></span> 
     </span>
     <span class='ocr_line' id='line_1_19' title="bbox 209 2594 1195 2699; baseline -0.015 -25"><span class='ocrx_word' id='word_1_68' title='bbox 209 2599 434 2699; x_wconf 79' lang='lat' dir='ltr'><strong>Scytharum,</strong></span> <span class='ocrx_word' id='word_1_69' title='bbox 465 2599 528 2691; x_wconf 93' lang='lat' dir='ltr'><strong>qui</strong></span> <span class='ocrx_word' id='word_1_70' title='bbox 544 2598 628 2666; x_wconf 90' lang='lat' dir='ltr'><strong>satis</strong></span> <span class='ocrx_word' id='word_1_71' title='bbox 642 2608 741 2663; x_wconf 90' lang='lat' dir='ltr'><strong>acute</strong></span> <span class='ocrx_word' id='word_1_72' title='bbox 756 2594 1056 2662; x_wconf 75' lang='lat' dir='ltr'><strong>ratiocinabantur</strong></span> <span class='ocrx_word' id='word_1_73' title='bbox 1068 2616 1104 2659; x_wconf 91' lang='lat' dir='ltr'><strong>se</strong></span> <span class='ocrx_word' id='word_1_74' title='bbox 1121 2594 1195 2682; x_wconf 89' lang='lat' dir='ltr'><strong>pri-</strong></span> 
     </span>
     <span class='ocr_line' id='line_1_20' title="bbox 206 2694 1193 2787; baseline -0.018 -10"><span class='ocrx_word' id='word_1_75' title='bbox 206 2730 281 2778; x_wconf 88' lang='lat' dir='ltr'><strong>mos</strong></span> <span class='ocrx_word' id='word_1_76' title='bbox 293 2700 480 2772; x_wconf 92' lang='lat' dir='ltr'><strong>hominum</strong></span> <span class='ocrx_word' id='word_1_77' title='bbox 503 2711 596 2781; x_wconf 82' lang='lat' dir='ltr'><strong>esse,</strong></span> <span class='ocrx_word' id='word_1_78' title='bbox 627 2720 739 2787; x_wconf 90' lang='lat' dir='ltr'><strong>eoque</strong></span> <span class='ocrx_word' id='word_1_79' title='bbox 762 2695 906 2762; x_wconf 89' lang='lat' dir='ltr'><strong>caeteris</strong></span> <span class='ocrx_word' id='word_1_80' title='bbox 928 2694 1135 2763; x_wconf 90' lang='lat' dir='ltr'><strong>antecellere</strong></span> <span class='ocrx_word' id='word_1_81' title='bbox 1159 2694 1193 2759; x_wconf 91' lang='lat' dir='ltr'><strong>vi</strong></span> 
     </span>
     <span class='ocr_line' id='line_1_21' title="bbox 208 2794 1194 2897; baseline -0.017 -21"><span class='ocrx_word' id='word_1_82' title='bbox 208 2804 441 2897; x_wconf 77' lang='lat' dir='ltr'><strong>ingeniorum.</strong></span> <span class='ocrx_word' id='word_1_83' title='bbox 504 2800 588 2869; x_wconf 90' lang='lat' dir='ltr'><strong>Sive</strong></span> <span class='ocrx_word' id='word_1_84' title='bbox 612 2798 706 2865; x_wconf 88' lang='lat' dir='ltr'><strong>enim</strong></span> <span class='ocrx_word' id='word_1_85' title='bbox 734 2819 777 2863; x_wconf 89' lang='lat' dir='ltr'><strong>ex</strong></span> <span class='ocrx_word' id='word_1_86' title='bbox 800 2795 901 2887; x_wconf 90' lang='lat' dir='ltr'><strong>aquis</strong></span> <span class='ocrx_word' id='word_1_87' title='bbox 925 2794 1068 2862; x_wconf 86' lang='lat' dir='ltr'><strong>emersit</strong></span> <span class='ocrx_word' id='word_1_88' title='bbox 1091 2806 1194 2877; x_wconf 90' lang='lat' dir='ltr'><strong>terra,</strong></span> 
     </span>
     <span class='ocr_line' id='line_1_22' title="bbox 208 2892 1193 2991; baseline -0.021 -12"><span class='ocrx_word' id='word_1_89' title='bbox 208 2933 285 2979; x_wconf 84' lang='lat' dir='ltr'><strong>cum</strong></span> <span class='ocrx_word' id='word_1_90' title='bbox 299 2902 404 2975; x_wconf 87' lang='lat' dir='ltr'><strong>chaos</strong></span> <span class='ocrx_word' id='word_1_91' title='bbox 420 2901 573 2984; x_wconf 91' lang='lat' dir='ltr'><strong>dissiliit,</strong></span> <span class='ocrx_word' id='word_1_92' title='bbox 599 2892 783 2991; x_wconf 87' lang='lat' dir='ltr'><strong>Scythiam</strong></span> <span class='ocrx_word' id='word_1_93' title='bbox 798 2896 1027 2984; x_wconf 90' lang='lat' dir='ltr'><strong>disputabant</strong></span> <span class='ocrx_word' id='word_1_94' title='bbox 1043 2893 1193 2982; x_wconf 91' lang='lat' dir='ltr'><strong>primam</strong></span> 
     </span>
     <span class='ocr_line' id='line_1_23' title="bbox 207 2989 1194 3095; baseline -0.018 -15"><span class='ocrx_word' id='word_1_95' title='bbox 207 3008 408 3087; x_wconf 80' lang='lat' dir='ltr'><strong>emersisse,</strong></span> <span class='ocrx_word' id='word_1_96' title='bbox 446 3003 529 3095; x_wconf 93' lang='lat' dir='ltr'><strong>quia</strong></span> <span class='ocrx_word' id='word_1_97' title='bbox 553 3001 740 3077; x_wconf 84' lang='lat' dir='ltr'><strong>altissima,</strong></span> <span class='ocrx_word' id='word_1_98' title='bbox 780 3011 832 3065; x_wconf 91' lang='lat' dir='ltr'><strong>est</strong></span> <span class='ocrx_word' id='word_1_99' title='bbox 854 2991 918 3066; x_wconf 80' lang='grc' dir='ltr'><strong>καὶ</strong></span> <span class='ocrx_word' id='word_1_100' title='bbox 941 2994 1092 3093; x_wconf 72' lang='grc' dir='ltr'><strong><em>ἔγγιστα</em></strong></span> <span class='ocrx_word' id='word_1_101' title='bbox 1121 2989 1194 3063; x_wconf 79' lang='grc' dir='ltr'><strong>ὑπὸ</strong></span> 
     </span>
     <span class='ocr_line' id='line_1_24' title="bbox 207 3099 1195 3189; baseline -0.016 -13"><span class='ocrx_word' id='word_1_102' title='bbox 207 3106 271 3183; x_wconf 76' lang='grc' dir='ltr'><strong>τὸν</strong></span> <span class='ocrx_word' id='word_1_103' title='bbox 306 3099 437 3176; x_wconf 64' lang='lat' dir='ltr'><strong>nilon:</strong></span> <span class='ocrx_word' id='word_1_104' title='bbox 481 3102 553 3168; x_wconf 85' lang='lat' dir='ltr'><strong>sive</strong></span> <span class='ocrx_word' id='word_1_105' title='bbox 588 3125 629 3168; x_wconf 89' lang='lat' dir='ltr'><strong>ex</strong></span> <span class='ocrx_word' id='word_1_106' title='bbox 662 3101 743 3187; x_wconf 85' lang='lat' dir='ltr'><strong>igne</strong></span> <span class='ocrx_word' id='word_1_107' title='bbox 769 3099 905 3189; x_wconf 88' lang='lat' dir='ltr'><strong>erupit,</strong></span> <span class='ocrx_word' id='word_1_108' title='bbox 940 3107 1195 3184; x_wconf 87' lang='lat' dir='ltr'><strong>campartem,</strong></span> 
     </span>
     <span class='ocr_line' id='line_1_25' title="bbox 208 3194 1194 3306; baseline -0.016 -29"><span class='ocrx_word' id='word_1_109' title='bbox 208 3232 296 3306; x_wconf 87' lang='lat' dir='ltr'><strong>quae</strong></span> <span class='ocrx_word' id='word_1_110' title='bbox 320 3201 523 3292; x_wconf 84' lang='lat' dir='ltr'><strong>longissime</strong></span> <span class='ocrx_word' id='word_1_111' title='bbox 546 3200 686 3269; x_wconf 87' lang='lat' dir='ltr'><strong>recessit</strong></span> <span class='ocrx_word' id='word_1_112' title='bbox 708 3226 727 3270; x_wconf 91' lang='lat' dir='ltr'><strong>a</strong></span> <span class='ocrx_word' id='word_1_113' title='bbox 749 3199 948 3267; x_wconf 90' lang='lat' dir='ltr'><strong>meridiano</strong></span> <span class='ocrx_word' id='word_1_114' title='bbox 973 3208 1089 3279; x_wconf 89' lang='lat' dir='ltr'><strong>aestu,</strong></span> <span class='ocrx_word' id='word_1_115' title='bbox 1120 3194 1194 3283; x_wconf 92' lang='lat' dir='ltr'><strong>pri-</strong></span> 
     </span>
     <span class='ocr_line' id='line_1_26' title="bbox 207 3296 1194 3386; baseline -0.019 -5"><span class='ocrx_word' id='word_1_116' title='bbox 207 3333 298 3381; x_wconf 76' lang='lat' dir='ltr'><strong>nam</strong></span> <span class='ocrx_word' id='word_1_117' title='bbox 314 3304 523 3375; x_wconf 87' lang='lat' dir='ltr'><strong>discessisse.</strong></span> <span class='ocrx_word' id='word_1_118' title='bbox 572 3297 706 3370; x_wconf 90' lang='lat' dir='ltr'><strong>Eamus</strong></span> <span class='ocrx_word' id='word_1_119' title='bbox 729 3320 810 3386; x_wconf 86' lang='lat' dir='ltr'><strong>ergo</strong></span> <span class='ocrx_word' id='word_1_120' title='bbox 834 3299 872 3365; x_wconf 92' lang='lat' dir='ltr'><strong>in</strong></span> <span class='ocrx_word' id='word_1_121' title='bbox 893 3298 955 3365; x_wconf 90' lang='lat' dir='ltr'><strong>illa</strong></span> <span class='ocrx_word' id='word_1_122' title='bbox 975 3296 1071 3380; x_wconf 90' lang='lat' dir='ltr'><strong>loca,</strong></span> <span class='ocrx_word' id='word_1_123' title='bbox 1093 3320 1194 3385; x_wconf 88' lang='lat' dir='ltr'><strong>prae-</strong></span> 
     </span>
     <span class='ocr_line' id='line_1_27' title="bbox 211 3390 1194 3488; baseline -0.013 -12"><span class='ocrx_word' id='word_1_124' title='bbox 211 3410 326 3484; x_wconf 70' lang='lat' dir='ltr'><strong>sertim</strong></span> <span class='ocrx_word' id='word_1_125' title='bbox 350 3405 497 3474; x_wconf 90' lang='lat' dir='ltr'><strong>comiter</strong></span> <span class='ocrx_word' id='word_1_126' title='bbox 518 3401 670 3473; x_wconf 91' lang='lat' dir='ltr'><strong>invitati.</strong></span> <span class='ocrx_word' id='word_1_127' title='bbox 722 3398 812 3469; x_wconf 89' lang='lat' dir='ltr'><strong>Nam</strong></span> <span class='ocrx_word' id='word_1_128' title='bbox 832 3397 1001 3488; x_wconf 86' lang='lat' dir='ltr'><strong>Princeps</strong></span> <span class='ocrx_word' id='word_1_129' title='bbox 1020 3390 1194 3465; x_wconf 83' lang='lat' dir='ltr'><strong>Prutem&#39;-</strong></span> 
     </span>
     <span class='ocr_line' id='line_1_28' title="bbox 212 3499 1194 3593; baseline -0.013 -12"><span class='ocrx_word' id='word_1_130' title='bbox 212 3535 267 3584; x_wconf 74' lang='grc' dir='ltr'><strong>ωε</strong></span> <span class='ocrx_word' id='word_1_131' title='bbox 281 3523 315 3580; x_wconf 89' lang='lat' dir='ltr'><strong>te</strong></span> <span class='ocrx_word' id='word_1_132' title='bbox 330 3506 473 3587; x_wconf 92' lang='lat' dir='ltr'><strong>invitat,</strong></span> <span class='ocrx_word' id='word_1_133' title='bbox 501 3516 541 3571; x_wconf 90' lang='lat' dir='ltr'><strong>ut</strong></span> <span class='ocrx_word' id='word_1_134' title='bbox 562 3501 729 3593; x_wconf 85' lang='lat' dir='ltr'><strong>exipsius</strong></span> <span class='ocrx_word' id='word_1_135' title='bbox 745 3499 872 3569; x_wconf 89' lang='lat' dir='ltr'><strong>litteris</strong></span> <span class='ocrx_word' id='word_1_136' title='bbox 888 3499 1081 3587; x_wconf 82' lang='lat' dir='ltr'><strong>intelliges,</strong></span> <span class='ocrx_word' id='word_1_137' title='bbox 1107 3523 1194 3592; x_wconf 90' lang='lat' dir='ltr'><strong>quas</strong></span> 
     </span>
    </p>
   </div>
   <div class='ocr_carea' id='block_1_12' title="bbox 164 3599 1193 3697">
    <p class='ocr_par' dir='ltr' id='par_1_12' title="bbox 164 3599 1193 3697">
     <span class='ocr_line' id='line_1_29' title="bbox 164 3599 1193 3697; baseline -0.017 -13"><span class='ocrx_word' id='word_1_138' title='bbox 164 3687 166 3693; x_wconf 73' lang='grc'>,</span> <span class='ocrx_word' id='word_1_139' title='bbox 212 3613 317 3683; x_wconf 83' lang='lat' dir='ltr'><strong>mitto.</strong></span> <span class='ocrx_word' id='word_1_140' title='bbox 369 3604 445 3693; x_wconf 79' lang='lat' dir='ltr'><strong>Ego</strong></span> <span class='ocrx_word' id='word_1_141' title='bbox 466 3604 701 3697; x_wconf 77' lang='lat' dir='ltr'><strong>quidemnon</strong></span> <span class='ocrx_word' id='word_1_142' title='bbox 719 3615 817 3670; x_wconf 90' lang='lat' dir='ltr'><strong>metu</strong></span> <span class='ocrx_word' id='word_1_143' title='bbox 836 3599 1116 3692; x_wconf 88' lang='lat' dir='ltr'><strong>impendentium</strong></span> <span class='ocrx_word' id='word_1_144' title='bbox 1135 3627 1193 3668; x_wconf 91' lang='lat' dir='ltr'><strong>ca-</strong></span> 
     </span>
    </p>
   </div>
   <div class='ocr_carea' id='block_1_13' title="bbox 214 3701 1192 4106">
    <p class='ocr_par' dir='ltr' id='par_1_13' title="bbox 214 3701 1192 4106">
     <span class='ocr_line' id='line_1_30' title="bbox 214 3701 1192 3798; baseline -0.014 -14"><span class='ocrx_word' id='word_1_145' title='bbox 214 3709 400 3784; x_wconf 85' lang='lat' dir='ltr'><strong>lamitatum</strong></span> <span class='ocrx_word' id='word_1_146' title='bbox 417 3729 559 3798; x_wconf 92' lang='lat' dir='ltr'><strong>quoquo</strong></span> <span class='ocrx_word' id='word_1_147' title='bbox 575 3718 748 3773; x_wconf 88' lang='lat' dir='ltr'><strong>terrarum</strong></span> <span class='ocrx_word' id='word_1_148' title='bbox 763 3703 883 3791; x_wconf 80' lang='lat' dir='ltr'><strong>fugere</strong></span> <span class='ocrx_word' id='word_1_149' title='bbox 897 3702 1011 3791; x_wconf 91' lang='lat' dir='ltr'><strong>cupio,</strong></span> <span class='ocrx_word' id='word_1_150' title='bbox 1035 3701 1094 3770; x_wconf 83' lang='lat' dir='ltr'><strong>sed</strong></span> <span class='ocrx_word' id='word_1_151' title='bbox 1111 3703 1192 3794; x_wconf 89' lang='lat' dir='ltr'><strong>qnia</strong></span> 
     </span>
     <span class='ocr_line' id='line_1_31' title="bbox 214 3801 1192 3893; baseline -0.012 -6"><span class='ocrx_word' id='word_1_152' title='bbox 214 3806 254 3887; x_wconf 76' lang='lat' dir='ltr'><strong>td</strong></span> <span class='ocrx_word' id='word_1_153' title='bbox 282 3801 548 3893; x_wconf 75' lang='grc' dir='ltr'><strong><em>ἐπιπολάζοντα</em></strong></span> <span class='ocrx_word' id='word_1_154' title='bbox 584 3806 701 3874; x_wconf 91' lang='lat' dir='ltr'><strong>videre</strong></span> <span class='ocrx_word' id='word_1_155' title='bbox 734 3804 869 3874; x_wconf 92' lang='lat' dir='ltr'><strong>diutius</strong></span> <span class='ocrx_word' id='word_1_156' title='bbox 901 3818 1098 3893; x_wconf 87' lang='lat' dir='ltr'><strong>pertaesum</strong></span> <span class='ocrx_word' id='word_1_157' title='bbox 1131 3817 1192 3875; x_wconf 89' lang='lat' dir='ltr'><strong>est.</strong></span> 
     </span>
     <span class='ocr_line' id='line_1_32' title="bbox 215 3904 1192 3985; baseline -0.015 0"><span class='ocrx_word' id='word_1_158' title='bbox 215 3911 341 3985; x_wconf 73' lang='lat' dir='ltr'><strong>Verum</strong></span> <span class='ocrx_word' id='word_1_159' title='bbox 366 3906 451 3979; x_wconf 91' lang='lat' dir='ltr'><strong>haec</strong></span> <span class='ocrx_word' id='word_1_160' title='bbox 476 3906 574 3978; x_wconf 89' lang='lat' dir='ltr'><strong>alias.</strong></span> <span class='ocrx_word' id='word_1_161' title='bbox 633 3904 878 3976; x_wconf 89' lang='lat' dir='ltr'><strong>Sustentemus</strong></span> <span class='ocrx_word' id='word_1_162' title='bbox 905 3906 1001 3973; x_wconf 89' lang='lat' dir='ltr'><strong>enim</strong></span> <span class='ocrx_word' id='word_1_163' title='bbox 1028 3929 1093 3971; x_wconf 90' lang='lat' dir='ltr'><strong>nos</strong></span> <span class='ocrx_word' id='word_1_164' title='bbox 1119 3904 1192 3971; x_wconf 89' lang='lat' dir='ltr'><strong>usi-</strong></span> 
     </span>
     <span class='ocr_line' id='line_1_33' title="bbox 214 4001 1192 4106; baseline -0.01 -23"><span class='ocrx_word' id='word_1_165' title='bbox 214 4009 555 4106; x_wconf 77' lang='lat' dir='ltr'><strong>tataconsolatione,</strong></span> <span class='ocrx_word' id='word_1_166' title='bbox 588 4030 677 4098; x_wconf 90' lang='lat' dir='ltr'><strong>quae</strong></span> <span class='ocrx_word' id='word_1_167' title='bbox 699 4006 798 4076; x_wconf 90' lang='lat' dir='ltr'><strong>iubet</strong></span> <span class='ocrx_word' id='word_1_168' title='bbox 818 4001 882 4074; x_wconf 92' lang='lat' dir='ltr'><strong>has</strong></span> <span class='ocrx_word' id='word_1_169' title='bbox 905 4028 1109 4074; x_wconf 90' lang='lat' dir='ltr'><strong>communes</strong></span> <span class='ocrx_word' id='word_1_170' title='bbox 1123 4005 1192 4073; x_wconf 92' lang='lat' dir='ltr'><strong>mi·</strong></span> 
     </span>
    </p>
   </div>
   <div class='ocr_carea' id='block_1_14' title="bbox 170 4098 1314 4402">
    <p class='ocr_par' dir='ltr' id='par_1_14' title="bbox 170 4098 1314 4402">
     <span class='ocr_line' id='line_1_34' title="bbox 215 4098 1314 4205; baseline -0.013 -18"><span class='ocrx_word' id='word_1_171' title='bbox 215 4116 311 4188; x_wconf 85' lang='lat' dir='ltr'><strong>terias</strong></span> <span class='ocrx_word' id='word_1_172' title='bbox 335 4113 489 4205; x_wconf 86' lang='lat' dir='ltr'><strong>perferre</strong></span> <span class='ocrx_word' id='word_1_173' title='bbox 512 4101 564 4199; x_wconf 86' lang='grc' dir='ltr'><strong>μὴ</strong></span> <span class='ocrx_word' id='word_1_174' title='bbox 582 4102 771 4186; x_wconf 77' lang='grc' dir='ltr'><strong><em>λείποντας</em></strong></span> <span class='ocrx_word' id='word_1_175' title='bbox 784 4098 889 4187; x_wconf 79' lang='grc' dir='ltr'><em>τάξιν</em></span> <span class='ocrx_word' id='word_1_176' title='bbox 905 4105 944 4174; x_wconf 90' lang='lat' dir='ltr'><strong>in</strong></span> <span class='ocrx_word' id='word_1_177' title='bbox 959 4101 1115 4175; x_wconf 87' lang='lat' dir='ltr'><strong>Ecclesia</strong></span> <span class='ocrx_word' id='word_1_178' title='bbox 1137 4120 1190 4175; x_wconf 87' lang='lat' dir='ltr'><strong>at·</strong></span> <span class='ocrx_word' id='word_1_179' title='bbox 1308 4138 1314 4152; x_wconf 83' lang='lat'>=</span> 
     </span>
     <span class='ocr_line' id='line_1_35' title="bbox 170 4207 1190 4290; baseline -0.016 1"><span class='ocrx_word' id='word_1_180' title='bbox 170 4235 173 4246; x_wconf 90' lang='grc'><strong>’</strong></span> <span class='ocrx_word' id='word_1_181' title='bbox 215 4218 384 4290; x_wconf 84' lang='lat' dir='ltr'><strong>tributam.</strong></span> <span class='ocrx_word' id='word_1_182' title='bbox 448 4208 581 4281; x_wconf 82' lang='lat' dir='ltr'><strong>Attulit</strong></span> <span class='ocrx_word' id='word_1_183' title='bbox 602 4207 815 4277; x_wconf 85' lang='lat' dir='ltr'><strong>Prutenicas·</strong></span> <span class='ocrx_word' id='word_1_184' title='bbox 831 4208 966 4277; x_wconf 89' lang='lat' dir='ltr'><strong>litteras</strong></span> <span class='ocrx_word' id='word_1_185' title='bbox 990 4208 1190 4277; x_wconf 90' lang='lat' dir='ltr'><strong>adolescens</strong></span> 
     </span>
     <span class='ocr_line' id='line_1_36' title="bbox 215 4301 1263 4402; baseline -0.012 -12"><span class='ocrx_word' id='word_1_186' title='bbox 215 4301 336 4390; x_wconf 84' lang='lat' dir='ltr'><strong>nobilis</strong></span> <span class='ocrx_word' id='word_1_187' title='bbox 361 4328 455 4384; x_wconf 92' lang='lat' dir='ltr'><strong>recta</strong></span> <span class='ocrx_word' id='word_1_188' title='bbox 476 4311 653 4402; x_wconf 87' lang='lat' dir='ltr'><strong>protectus</strong></span> <span class='ocrx_word' id='word_1_189' title='bbox 675 4310 714 4375; x_wconf 94' lang='lat' dir='ltr'><strong>in</strong></span> <span class='ocrx_word' id='word_1_190' title='bbox 729 4307 910 4391; x_wconf 86' lang='lat' dir='ltr'><strong>Hassiam,</strong></span> <span class='ocrx_word' id='word_1_191' title='bbox 943 4332 983 4376; x_wconf 90' lang='lat' dir='ltr'><strong>ac</strong></span> <span class='ocrx_word' id='word_1_192' title='bbox 1005 4310 1124 4398; x_wconf 89' lang='lat' dir='ltr'><strong>petiit,</strong></span> <span class='ocrx_word' id='word_1_193' title='bbox 1151 4324 1191 4379; x_wconf 90' lang='lat' dir='ltr'><strong>ut</strong></span> <span class='ocrx_word' id='word_1_194' title='bbox 1259 4313 1263 4322; x_wconf 83' lang='lat'>&#39;</span> 
     </span>
    </p>
   </div>
   <div class='ocr_carea' id='block_1_15' title="bbox 214 4405 1196 5018">
    <p class='ocr_par' dir='ltr' id='par_1_15' title="bbox 214 4405 1196 5018">
     <span class='ocr_line' id='line_1_37' title="bbox 214 4405 1196 4492; baseline -0.021 0"><span class='ocrx_word' id='word_1_195' title='bbox 214 4442 320 4492; x_wconf 78' lang='lat' dir='ltr'><strong>mem</strong></span> <span class='ocrx_word' id='word_1_196' title='bbox 345 4429 426 4486; x_wconf 91' lang='lat' dir='ltr'><strong>ante</strong></span> <span class='ocrx_word' id='word_1_197' title='bbox 456 4412 611 4483; x_wconf 88' lang='lat' dir='ltr'><strong>reditum</strong></span> <span class='ocrx_word' id='word_1_198' title='bbox 631 4433 735 4478; x_wconf 89' lang='lat' dir='ltr'><strong>suum</strong></span> <span class='ocrx_word' id='word_1_199' title='bbox 755 4431 796 4477; x_wconf 87' lang='lat' dir='ltr'><strong>ex</strong></span> <span class='ocrx_word' id='word_1_200' title='bbox 816 4405 927 4479; x_wconf 87' lang='lat' dir='ltr'><strong>Cattis</strong></span> <span class='ocrx_word' id='word_1_201' title='bbox 949 4409 1115 4477; x_wconf 91' lang='lat' dir='ltr'><strong>adomari</strong></span> <span class='ocrx_word' id='word_1_202' title='bbox 1135 4433 1196 4477; x_wconf 84' lang='lat' dir='ltr'><strong>re..</strong></span> 
     </span>
     <span class='ocr_line' id='line_1_38' title="bbox 214 4508 1191 4615; baseline -0.014 -24"><span class='ocrx_word' id='word_1_203' title='bbox 214 4520 420 4615; x_wconf 74' lang='lat' dir='ltr'><strong>sponsiones.</strong></span> <span class='ocrx_word' id='word_1_204' title='bbox 470 4511 536 4584; x_wconf 86' lang='lat' dir='ltr'><strong>Est</strong></span> <span class='ocrx_word' id='word_1_205' title='bbox 558 4526 674 4581; x_wconf 89' lang='lat' dir='ltr'><strong>autem</strong></span> <span class='ocrx_word' id='word_1_206' title='bbox 697 4510 790 4581; x_wconf 92' lang='lat' dir='ltr'><strong>intra</strong></span> <span class='ocrx_word' id='word_1_207' title='bbox 813 4510 888 4579; x_wconf 91' lang='lat' dir='ltr'><strong>dies</strong></span> <span class='ocrx_word' id='word_1_208' title='bbox 909 4508 1111 4600; x_wconf 90' lang='lat' dir='ltr'><strong>quindecim</strong></span> <span class='ocrx_word' id='word_1_209' title='bbox 1133 4533 1191 4577; x_wconf 91' lang='lat' dir='ltr'><strong>re-</strong></span> 
     </span>
     <span class='ocr_line' id='line_1_39' title="bbox 214 4608 1190 4701; baseline -0.017 -6"><span class='ocrx_word' id='word_1_210' title='bbox 214 4622 352 4695; x_wconf 79' lang='lat' dir='ltr'><strong>diturus.</strong></span> <span class='ocrx_word' id='word_1_211' title='bbox 409 4616 511 4687; x_wconf 89' lang='lat' dir='ltr'><strong>Misit</strong></span> <span class='ocrx_word' id='word_1_212' title='bbox 533 4608 624 4681; x_wconf 92' lang='lat' dir='ltr'><strong>mihi</strong></span> <span class='ocrx_word' id='word_1_213' title='bbox 647 4610 816 4701; x_wconf 88' lang='lat' dir='ltr'><strong>Princeps</strong></span> <span class='ocrx_word' id='word_1_214' title='bbox 839 4609 1036 4699; x_wconf 89' lang='lat' dir='ltr'><strong>exemplum</strong></span> <span class='ocrx_word' id='word_1_215' title='bbox 1060 4609 1190 4700; x_wconf 89' lang='lat' dir='ltr'><strong>episto·</strong></span> 
     </span>
     <span class='ocr_line' id='line_1_40' title="bbox 214 4711 1189 4808; baseline -0.019 -12"><span class='ocrx_word' id='word_1_216' title='bbox 214 4721 258 4796; x_wconf 80' lang='lat' dir='ltr'><strong>he</strong></span> <span class='ocrx_word' id='word_1_217' title='bbox 277 4723 323 4794; x_wconf 83' lang='lat' dir='ltr'><strong>ad</strong></span> <span class='ocrx_word' id='word_1_218' title='bbox 341 4737 376 4792; x_wconf 93' lang='lat' dir='ltr'><strong>te</strong></span> <span class='ocrx_word' id='word_1_219' title='bbox 401 4718 561 4808; x_wconf 79' lang='lat' dir='ltr'><strong>scriptae.</strong></span> <span class='ocrx_word' id='word_1_220' title='bbox 625 4712 753 4794; x_wconf 90' lang='lat' dir='ltr'><strong>Nobis,</strong></span> <span class='ocrx_word' id='word_1_221' title='bbox 791 4725 833 4781; x_wconf 90' lang='lat' dir='ltr'><strong>ut</strong></span> <span class='ocrx_word' id='word_1_222' title='bbox 858 4712 974 4793; x_wconf 87' lang='lat' dir='ltr'><strong>vides,</strong></span> <span class='ocrx_word' id='word_1_223' title='bbox 1010 4711 1189 4801; x_wconf 87' lang='lat' dir='ltr'><strong>permittit,</strong></span> 
     </span>
     <span class='ocr_line' id='line_1_41' title="bbox 214 4809 1190 4910; baseline -0.018 -12"><span class='ocrx_word' id='word_1_224' title='bbox 214 4840 246 4898; x_wconf 86' lang='lat' dir='ltr'><strong>u</strong></span> <span class='ocrx_word' id='word_1_225' title='bbox 257 4819 466 4907; x_wconf 77' lang='lat' dir='ltr'><strong>statuamus:</strong></span> <span class='ocrx_word' id='word_1_226' title='bbox 499 4815 540 4887; x_wconf 85' lang='lat' dir='ltr'><strong>si</strong></span> <span class='ocrx_word' id='word_1_227' title='bbox 555 4809 853 4910; x_wconf 76' lang='lat' dir='ltr'><strong>Spongebergius</strong></span> <span class='ocrx_word' id='word_1_228' title='bbox 876 4826 909 4881; x_wconf 92' lang='lat' dir='ltr'><strong>et</strong></span> <span class='ocrx_word' id='word_1_229' title='bbox 924 4811 1012 4879; x_wconf 88' lang='lat' dir='ltr'><strong>alter</strong></span> <span class='ocrx_word' id='word_1_230' title='bbox 1026 4825 1190 4881; x_wconf 89' lang='lat' dir='ltr'><strong>recusent</strong></span> 
     </span>
     <span class='ocr_line' id='line_1_42' title="bbox 214 4909 1187 5018; baseline -0.02 -19"><span class='ocrx_word' id='word_1_231' title='bbox 214 4926 377 5018; x_wconf 71' lang='lat' dir='ltr'><strong>suscipere</strong></span> <span class='ocrx_word' id='word_1_232' title='bbox 397 4918 465 4991; x_wconf 92' lang='lat' dir='ltr'><strong>hoc</strong></span> <span class='ocrx_word' id='word_1_233' title='bbox 483 4940 624 4988; x_wconf 90' lang='lat' dir='ltr'><strong>munus.</strong></span> <span class='ocrx_word' id='word_1_234' title='bbox 679 4910 728 4984; x_wconf 91' lang='lat' dir='ltr'><strong>Et</strong></span> <span class='ocrx_word' id='word_1_235' title='bbox 747 4909 1063 5009; x_wconf 77' lang='lat' dir='ltr'><strong>Spongebcrgiom</strong></span> <span class='ocrx_word' id='word_1_236' title='bbox 1084 4936 1187 4981; x_wconf 87' lang='lat' dir='ltr'><strong>exeu-</strong></span> 
     </span>
    </p>
   </div>
   <div class='ocr_carea' id='block_1_16' title="bbox 185 5012 1188 5117">
    <p class='ocr_par' dir='ltr' id='par_1_16' title="bbox 185 5012 1188 5117">
     <span class='ocr_line' id='line_1_43' title="bbox 185 5012 1188 5117; baseline -0.015 -18"><span class='ocrx_word' id='word_1_237' title='bbox 185 5027 374 5117; x_wconf 73' lang='lat' dir='ltr'><strong>·‚tt&#39;taetas.</strong></span> <span class='ocrx_word' id='word_1_238' title='bbox 422 5020 512 5093; x_wconf 85' lang='lat' dir='ltr'><strong>Erat</strong></span> <span class='ocrx_word' id='word_1_239' title='bbox 530 5020 560 5086; x_wconf 90' lang='lat' dir='ltr'><strong>is</strong></span> <span class='ocrx_word' id='word_1_240' title='bbox 584 5012 650 5085; x_wconf 91' lang='lat' dir='ltr'><strong>hac</strong></span> <span class='ocrx_word' id='word_1_241' title='bbox 674 5029 801 5085; x_wconf 86' lang='lat' dir='ltr'><strong>aestate</strong></span> <span class='ocrx_word' id='word_1_242' title='bbox 825 5015 995 5104; x_wconf 89' lang='lat' dir='ltr'><strong>ampliore</strong></span> <span class='ocrx_word' id='word_1_243' title='bbox 1012 5015 1188 5103; x_wconf 88' lang='lat' dir='ltr'><strong>stipendio</strong></span> 
     </span>
    </p>
   </div>
   <div class='ocr_carea' id='block_1_17' title="bbox 213 5118 1189 5211">
    <p class='ocr_par' dir='ltr' id='par_1_17' title="bbox 213 5118 1189 5211">
     <span class='ocr_line' id='line_1_44' title="bbox 213 5118 1189 5211; baseline -0.018 -10"><span class='ocrx_word' id='word_1_244' title='bbox 213 5130 389 5201; x_wconf 76' lang='lat' dir='ltr'><strong>accersitus</strong></span> <span class='ocrx_word' id='word_1_245' title='bbox 417 5122 718 5211; x_wconf 84' lang='lat' dir='ltr'><strong>Magdeburgum,</strong></span> <span class='ocrx_word' id='word_1_246' title='bbox 765 5118 826 5184; x_wconf 92' lang='lat' dir='ltr'><strong>sed</strong></span> <span class='ocrx_word' id='word_1_247' title='bbox 863 5129 984 5206; x_wconf 88' lang='lat' dir='ltr'><strong>postea</strong></span> <span class='ocrx_word' id='word_1_248' title='bbox 1024 5128 1189 5183; x_wconf 89' lang='lat' dir='ltr'><strong>tamena</strong></span> 
     </span>
    </p>
   </div>
   <div class='ocr_carea' id='block_1_18' title="bbox 186 5213 1189 5322">
    <p class='ocr_par' dir='ltr' id='par_1_18' title="bbox 186 5213 1189 5322">
     <span class='ocr_line' id='line_1_45' title="bbox 186 5213 1189 5322; baseline -0.033 -18"><span class='ocrx_word' id='word_1_249' title='bbox 186 5255 195 5322; x_wconf 52' lang='lat' dir='ltr'>j</span> <span class='ocrx_word' id='word_1_250' title='bbox 213 5222 461 5304; x_wconf 78' lang='lat' dir='ltr'><strong>Northusonis</strong></span> <span class='ocrx_word' id='word_1_251' title='bbox 475 5221 618 5292; x_wconf 91' lang='lat' dir='ltr'><strong>retineri</strong></span> <span class='ocrx_word' id='word_1_252' title='bbox 636 5242 672 5287; x_wconf 90' lang='lat' dir='ltr'><strong>se</strong></span> <span class='ocrx_word' id='word_1_253' title='bbox 688 5240 810 5308; x_wconf 92' lang='lat' dir='ltr'><strong>passus</strong></span> <span class='ocrx_word' id='word_1_254' title='bbox 826 5229 887 5285; x_wconf 89' lang='lat' dir='ltr'><strong>est.</strong></span> <span class='ocrx_word' id='word_1_255' title='bbox 937 5213 1099 5308; x_wconf 82' lang='lat' dir='ltr'><strong>Alterum</strong></span> <span class='ocrx_word' id='word_1_256' title='bbox 1115 5217 1189 5285; x_wconf 75' lang='lat' dir='ltr'><strong>tor.</strong></span> 
     </span>
    </p>
   </div>
   <div class='ocr_carea' id='block_1_19' title="bbox 212 5312 1188 5422">
    <p class='ocr_par' dir='ltr' id='par_1_19' title="bbox 212 5312 1188 5422">
     <span class='ocr_line' id='line_1_46' title="bbox 212 5312 1188 5422; baseline -0.024 -16"><span class='ocrx_word' id='word_1_257' title='bbox 212 5333 302 5404; x_wconf 72' lang='lat' dir='ltr'><strong>tusis</strong></span> <span class='ocrx_word' id='word_1_258' title='bbox 315 5330 434 5422; x_wconf 89' lang='lat' dir='ltr'><strong>puella</strong></span> <span class='ocrx_word' id='word_1_259' title='bbox 450 5346 570 5394; x_wconf 86' lang='lat' dir='ltr'><strong>recens</strong></span> <span class='ocrx_word' id='word_1_260' title='bbox 586 5323 688 5390; x_wconf 78' lang='lat' dir='ltr'><strong>ducta</strong></span> <span class='ocrx_word' id='word_1_261' title='bbox 706 5318 885 5390; x_wconf 88' lang='lat' dir='ltr'><strong>retinebit.</strong></span> <span class='ocrx_word' id='word_1_262' title='bbox 924 5312 972 5386; x_wconf 90' lang='lat' dir='ltr'><strong>Et</strong></span> <span class='ocrx_word' id='word_1_263' title='bbox 986 5340 1188 5407; x_wconf 88' lang='lat' dir='ltr'><strong>quanquam</strong></span> 
     </span>
    </p>
   </div>
   <div class='ocr_carea' id='block_1_20' title="bbox 209 5518 1187 5719">
    <p class='ocr_par' dir='ltr' id='par_1_20' title="bbox 209 5518 1187 5719">
     <span class='ocr_line' id='line_1_47' title="bbox 211 5518 1187 5620; baseline -0.023 -11"><span class='ocrx_word' id='word_1_264' title='bbox 211 5527 462 5610; x_wconf 69' lang='grc' dir='ltr'><strong>πολιτεύεσθαι</strong></span> <span class='ocrx_word' id='word_1_265' title='bbox 473 5521 548 5604; x_wconf 82' lang='grc' dir='ltr'><strong>,καὶ</strong></span> <span class='ocrx_word' id='word_1_266' title='bbox 567 5518 743 5620; x_wconf 75' lang='grc' dir='ltr'><strong><em>ἡγεῖσθαι</em></strong></span> <span class='ocrx_word' id='word_1_267' title='bbox 762 5518 884 5591; x_wconf 78' lang='grc' dir='ltr'><em>ἄλλων</em></span> <span class='ocrx_word' id='word_1_268' title='bbox 908 5519 1017 5606; x_wconf 80' lang='lat' dir='ltr'><strong>magis</strong></span> <span class='ocrx_word' id='word_1_269' title='bbox 1037 5519 1187 5589; x_wconf 90' lang='lat' dir='ltr'><strong>idoneus</strong></span> 
     </span>
     <span class='ocr_line' id='line_1_48' title="bbox 209 5620 1185 5719; baseline -0.024 -8"><span class='ocrx_word' id='word_1_270' title='bbox 209 5660 274 5710; x_wconf 77' lang='lat' dir='ltr'><strong>este</strong></span> <span class='ocrx_word' id='word_1_271' title='bbox 289 5626 482 5714; x_wconf 85' lang='lat' dir='ltr'><strong>lsindero,</strong></span> <span class='ocrx_word' id='word_1_272' title='bbox 512 5649 616 5719; x_wconf 89' lang='lat' dir='ltr'><strong>quem</strong></span> <span class='ocrx_word' id='word_1_273' title='bbox 639 5624 706 5693; x_wconf 91' lang='lat' dir='ltr'><strong>scis</strong></span> <span class='ocrx_word' id='word_1_274' title='bbox 727 5647 748 5691; x_wconf 93' lang='lat' dir='ltr'><strong>a</strong></span> <span class='ocrx_word' id='word_1_275' title='bbox 766 5622 870 5691; x_wconf 90' lang='lat' dir='ltr'><strong>nobis</strong></span> <span class='ocrx_word' id='word_1_276' title='bbox 891 5620 1038 5688; x_wconf 88' lang='lat' dir='ltr'><strong>missum</strong></span> <span class='ocrx_word' id='word_1_277' title='bbox 1060 5644 1132 5690; x_wconf 89' lang='lat' dir='ltr'><strong>esse</strong></span> <span class='ocrx_word' id='word_1_278' title='bbox 1149 5624 1185 5689; x_wconf 92' lang='lat' dir='ltr'><strong>in</strong></span> 
     </span>
    </p>
   </div>
   <div class='ocr_carea' id='block_1_21' title="bbox 215 5818 434 5840">
    <p class='ocr_par' dir='ltr' id='par_1_21' title="bbox 215 5818 434 5840">
     <span class='ocr_line' id='line_1_49' title="bbox 215 5818 434 5840; baseline -0.009 -9"><span class='ocrx_word' id='word_1_279' title='bbox 215 5818 434 5840; x_wconf 73' lang='grc'><strong>-......-</strong></span> 
     </span>
    </p>
   </div>
   <div class='ocr_carea' id='block_1_22' title="bbox 233 5911 817 6006">
    <p class='ocr_par' dir='ltr' id='par_1_22' title="bbox 233 5911 817 6006">
     <span class='ocr_line' id='line_1_50' title="bbox 233 5911 817 6006; baseline -0.043 -14"><span class='ocrx_word' id='word_1_280' title='bbox 233 5934 261 6006; x_wconf 63' lang='grc' dir='ltr'><strong>ὅ)</strong></span> <span class='ocrx_word' id='word_1_281' title='bbox 278 5932 377 5989; x_wconf 81' lang='lat' dir='ltr'><strong>Editor</strong></span> <span class='ocrx_word' id='word_1_282' title='bbox 388 5927 453 5986; x_wconf 87' lang='lat' dir='ltr'><strong>libri</strong></span> <span class='ocrx_word' id='word_1_283' title='bbox 465 5925 514 5982; x_wconf 81' lang='lat' dir='ltr'><strong>Vl.</strong></span> <span class='ocrx_word' id='word_1_284' title='bbox 525 5916 644 5978; x_wconf 75' lang='lat' dir='ltr'><strong>addidita</strong></span> <span class='ocrx_word' id='word_1_285' title='bbox 660 5932 727 5971; x_wconf 81' lang='lat' dir='ltr'><strong>ann.</strong></span> <span class='ocrx_word' id='word_1_286' title='bbox 741 5911 817 5971; x_wconf 68' lang='lat' dir='ltr'><strong>tata</strong></span> 
     </span>
    </p>
   </div>
   <div class='ocr_carea' id='block_1_23' title="bbox 777 773 1672 852">
    <p class='ocr_par' dir='ltr' id='par_1_23' title="bbox 777 773 1672 852">
     <span class='ocr_line' id='line_1_51' title="bbox 777 773 1672 852; baseline -0.001 -2"><span class='ocrx_word' id='word_1_287' title='bbox 777 773 1213 852; x_wconf 83' lang='lat' dir='ltr'><strong>EPISTOLARUM</strong></span> <span class='ocrx_word' id='word_1_288' title='bbox 1276 774 1387 852; x_wconf 88' lang='lat' dir='ltr'><strong>LIB.</strong></span> <span class='ocrx_word' id='word_1_289' title='bbox 1423 775 1486 848; x_wconf 73' lang='lat' dir='ltr'><strong>lx,</strong></span> <span class='ocrx_word' id='word_1_290' title='bbox 1540 774 1672 851; x_wconf 73' lang='lat'><strong>1545.</strong></span> 
     </span>
    </p>
   </div>
   <div class='ocr_carea' id='block_1_24' title="bbox 1247 942 2308 1543">
    <p class='ocr_par' dir='ltr' id='par_1_24' title="bbox 1247 942 2238 1039">
     <span class='ocr_line' id='line_1_52' title="bbox 1247 942 2238 1039; baseline 0.004 -24"><span class='ocrx_word' id='word_1_291' title='bbox 1247 944 1439 1020; x_wconf 87' lang='lat' dir='ltr'><strong>Prussiam.</strong></span> <span class='ocrx_word' id='word_1_292' title='bbox 1489 942 1554 1017; x_wconf 89' lang='lat' dir='ltr'><strong>Est</strong></span> <span class='ocrx_word' id='word_1_293' title='bbox 1575 962 1692 1017; x_wconf 88' lang='lat' dir='ltr'><strong>autem</strong></span> <span class='ocrx_word' id='word_1_294' title='bbox 1713 947 1764 1017; x_wconf 92' lang='lat' dir='ltr'><strong>ibi</strong></span> <span class='ocrx_word' id='word_1_295' title='bbox 1779 945 1886 1037; x_wconf 83' lang='lat' dir='ltr'><strong>Belga</strong></span> <span class='ocrx_word' id='word_1_296' title='bbox 1907 945 2068 1039; x_wconf 88' lang='lat' dir='ltr'><strong>quidam,</strong></span> <span class='ocrx_word' id='word_1_297' title='bbox 2093 946 2172 1039; x_wconf 91' lang='lat' dir='ltr'><strong>qui,</strong></span> <span class='ocrx_word' id='word_1_298' title='bbox 2197 962 2238 1019; x_wconf 88' lang='lat' dir='ltr'><strong>ut</strong></span> 
     </span>
    </p>

    <p class='ocr_par' dir='ltr' id='par_1_25' title="bbox 1249 1047 2308 1543">
     <span class='ocr_line' id='line_1_53' title="bbox 1249 1047 2308 1141; baseline 0.002 -25"><span class='ocrx_word' id='word_1_299' title='bbox 1249 1061 1300 1117; x_wconf 90' lang='lat' dir='ltr'><strong>est</strong></span> <span class='ocrx_word' id='word_1_300' title='bbox 1315 1049 1427 1138; x_wconf 84' lang='lat' dir='ltr'><strong>gentis</strong></span> <span class='ocrx_word' id='word_1_301' title='bbox 1444 1062 1581 1137; x_wconf 90' lang='lat' dir='ltr'><strong>captus,</strong></span> <span class='ocrx_word' id='word_1_302' title='bbox 1607 1047 1726 1119; x_wconf 90' lang='lat' dir='ltr'><strong>omnia</strong></span> <span class='ocrx_word' id='word_1_303' title='bbox 1742 1050 1825 1131; x_wconf 91' lang='lat' dir='ltr'><strong>scit,</strong></span> <span class='ocrx_word' id='word_1_304' title='bbox 1851 1049 1934 1141; x_wconf 90' lang='lat' dir='ltr'><strong>quia</strong></span> <span class='ocrx_word' id='word_1_305' title='bbox 1947 1048 2076 1139; x_wconf 81' lang='lat' dir='ltr'><strong>loquax</strong></span> <span class='ocrx_word' id='word_1_306' title='bbox 2089 1061 2151 1121; x_wconf 92' lang='lat' dir='ltr'><strong>est.</strong></span> <span class='ocrx_word' id='word_1_307' title='bbox 2202 1048 2237 1118; x_wconf 90' lang='lat' dir='ltr'><strong>Is</strong></span> <span class='ocrx_word' id='word_1_308' title='bbox 2279 1114 2281 1119; x_wconf 83' lang='lat'><strong>.</strong></span> <span class='ocrx_word' id='word_1_309' title='bbox 2303 1111 2308 1118; x_wconf 90' lang='lat'><strong>.</strong></span> 
     </span>
     <span class='ocr_line' id='line_1_54' title="bbox 1249 1143 2303 1239; baseline 0.002 -22"><span class='ocrx_word' id='word_1_310' title='bbox 1249 1151 1377 1239; x_wconf 89' lang='lat' dir='ltr'><strong>premit</strong></span> <span class='ocrx_word' id='word_1_311' title='bbox 1400 1143 1638 1233; x_wconf 67' lang='lat' dir='ltr'><strong>Isr&#39;nderom,</strong></span> <span class='ocrx_word' id='word_1_312' title='bbox 1667 1163 1700 1220; x_wconf 91' lang='lat' dir='ltr'><strong>et</strong></span> <span class='ocrx_word' id='word_1_313' title='bbox 1722 1151 1810 1219; x_wconf 91' lang='lat' dir='ltr'><strong>alios</strong></span> <span class='ocrx_word' id='word_1_314' title='bbox 1834 1152 1979 1219; x_wconf 87' lang='lat' dir='ltr'><strong>fortasse</strong></span> <span class='ocrx_word' id='word_1_315' title='bbox 2004 1148 2115 1238; x_wconf 82' lang='lat' dir='ltr'><strong>magis</strong></span> <span class='ocrx_word' id='word_1_316' title='bbox 2138 1171 2237 1217; x_wconf 88' lang='lat' dir='ltr'><strong>exer·</strong></span> <span class='ocrx_word' id='word_1_317' title='bbox 2299 1209 2303 1219; x_wconf 91' lang='lat'><strong>.</strong></span> 
     </span>
     <span class='ocr_line' id='line_1_55' title="bbox 1249 1249 2237 1343; baseline -0.001 -25"><span class='ocrx_word' id='word_1_318' title='bbox 1249 1265 1353 1322; x_wconf 88' lang='lat' dir='ltr'><strong>ceret.</strong></span> <span class='ocrx_word' id='word_1_319' title='bbox 1405 1249 1627 1340; x_wconf 83' lang='lat' dir='ltr'><strong>Significabis</strong></span> <span class='ocrx_word' id='word_1_320' title='bbox 1642 1253 1770 1340; x_wconf 85' lang='lat' dir='ltr'><strong>igitur,</strong></span> <span class='ocrx_word' id='word_1_321' title='bbox 1805 1252 1889 1343; x_wconf 90' lang='lat' dir='ltr'><strong>quid</strong></span> <span class='ocrx_word' id='word_1_322' title='bbox 1906 1249 2066 1341; x_wconf 89' lang='lat' dir='ltr'><strong>Principi</strong></span> <span class='ocrx_word' id='word_1_323' title='bbox 2089 1272 2237 1340; x_wconf 90' lang='lat' dir='ltr'><strong>respon-</strong></span> 
     </span>
     <span class='ocr_line' id='line_1_56' title="bbox 1250 1352 2237 1441; baseline 0 -22"><span class='ocrx_word' id='word_1_324' title='bbox 1250 1353 1405 1419; x_wconf 91' lang='lat' dir='ltr'><strong>dendum</strong></span> <span class='ocrx_word' id='word_1_325' title='bbox 1430 1352 1575 1425; x_wconf 88' lang='lat' dir='ltr'><strong>iudices.</strong></span> <span class='ocrx_word' id='word_1_326' title='bbox 1633 1352 1674 1437; x_wconf 83' lang='lat' dir='ltr'><strong>Si</strong></span> <span class='ocrx_word' id='word_1_327' title='bbox 1698 1353 1929 1437; x_wconf 86' lang='lat' dir='ltr'><strong>itavidetur,</strong></span> <span class='ocrx_word' id='word_1_328' title='bbox 1961 1352 2237 1441; x_wconf 84' lang='lat' dir='ltr'><strong>significabimus</strong></span> 
     </span>
     <span class='ocr_line' id='line_1_57' title="bbox 1249 1451 2236 1543; baseline 0 -24"><span class='ocrx_word' id='word_1_329' title='bbox 1249 1477 1314 1522; x_wconf 91' lang='lat' dir='ltr'><strong>nos</strong></span> <span class='ocrx_word' id='word_1_330' title='bbox 1330 1454 1370 1519; x_wconf 95' lang='lat' dir='ltr'><strong>in</strong></span> <span class='ocrx_word' id='word_1_331' title='bbox 1386 1454 1556 1543; x_wconf 86' lang='lat' dir='ltr'><strong>proximis</strong></span> <span class='ocrx_word' id='word_1_332' title='bbox 1578 1454 1748 1523; x_wconf 90' lang='lat' dir='ltr'><strong>nondinis</strong></span> <span class='ocrx_word' id='word_1_333' title='bbox 1764 1452 1910 1526; x_wconf 90' lang='lat' dir='ltr'><strong>Calend.</strong></span> <span class='ocrx_word' id='word_1_334' title='bbox 1924 1452 2081 1522; x_wconf 90' lang='lat' dir='ltr'><strong>Ianuarii</strong></span> <span class='ocrx_word' id='word_1_335' title='bbox 2099 1451 2236 1520; x_wconf 92' lang='lat' dir='ltr'><strong>indica-</strong></span> 
     </span>
    </p>
   </div>
   <div class='ocr_carea' id='block_1_25' title="bbox 1187 1549 2352 1748">
    <p class='ocr_par' dir='ltr' id='par_1_26' title="bbox 1187 1549 2352 1748">
     <span class='ocr_line' id='line_1_58' title="bbox 1248 1549 2352 1654; baseline -0.002 -32"><span class='ocrx_word' id='word_1_336' title='bbox 1248 1566 1346 1623; x_wconf 88' lang='lat' dir='ltr'><strong>turos</strong></span> <span class='ocrx_word' id='word_1_337' title='bbox 1369 1576 1442 1622; x_wconf 91' lang='lat' dir='ltr'><strong>esse</strong></span> <span class='ocrx_word' id='word_1_338' title='bbox 1466 1555 1635 1646; x_wconf 77' lang='lat' dir='ltr'><strong>aliquem.</strong></span> <span class='ocrx_word' id='word_1_339' title='bbox 1691 1554 1838 1654; x_wconf 85' lang='lat' dir='ltr'><strong>Interim</strong></span> <span class='ocrx_word' id='word_1_340' title='bbox 1866 1555 1967 1647; x_wconf 82' lang='lat' dir='ltr'><strong>enim¹</strong></span> <span class='ocrx_word' id='word_1_341' title='bbox 1984 1549 2236 1650; x_wconf 78' lang='lat' dir='ltr'><strong>Spongcbcrge</strong></span> <span class='ocrx_word' id='word_1_342' title='bbox 2279 1611 2282 1619; x_wconf 52' lang='lat'><strong>.</strong></span> <span class='ocrx_word' id='word_1_343' title='bbox 2347 1631 2352 1637; x_wconf 45' lang='lat'>‚</span> 
     </span>
     <span class='ocr_line' id='line_1_59' title="bbox 1187 1655 2235 1748; baseline 0 -25"><span class='ocrx_word' id='word_1_344' title='bbox 1187 1681 1196 1701; x_wconf 92' lang='lat'><strong>·</strong></span> <span class='ocrx_word' id='word_1_345' title='bbox 1249 1667 1283 1723; x_wconf 92' lang='lat' dir='ltr'><strong>et</strong></span> <span class='ocrx_word' id='word_1_346' title='bbox 1306 1655 1450 1743; x_wconf 85' lang='lat' dir='ltr'><strong>alterius</strong></span> <span class='ocrx_word' id='word_1_347' title='bbox 1474 1656 1637 1725; x_wconf 85' lang='lat' dir='ltr'><strong>voluntas</strong></span> <span class='ocrx_word' id='word_1_348' title='bbox 1661 1656 1918 1748; x_wconf 84' lang='lat' dir='ltr'><strong>explorabitur,</strong></span> <span class='ocrx_word' id='word_1_349' title='bbox 1959 1670 1993 1727; x_wconf 90' lang='lat' dir='ltr'><strong>et</strong></span> <span class='ocrx_word' id='word_1_350' title='bbox 2022 1680 2088 1725; x_wconf 90' lang='lat' dir='ltr'><strong>nos</strong></span> <span class='ocrx_word' id='word_1_351' title='bbox 2118 1679 2235 1725; x_wconf 89' lang='lat' dir='ltr'><strong>coram</strong></span> 
     </span>
    </p>
   </div>
   <div class='ocr_carea' id='block_1_26' title="bbox 1249 1756 1960 1846">
    <p class='ocr_par' dir='ltr' id='par_1_27' title="bbox 1249 1756 1960 1846">
     <span class='ocr_line' id='line_1_60' title="bbox 1249 1756 1960 1846; baseline 0.008 -23"><span class='ocrx_word' id='word_1_352' title='bbox 1249 1756 1405 1846; x_wconf 91' lang='lat' dir='ltr'><strong>colloqui</strong></span> <span class='ocrx_word' id='word_1_353' title='bbox 1422 1757 1626 1846; x_wconf 83' lang='lat' dir='ltr'><strong>poterimus.</strong></span> <span class='ocrx_word' id='word_1_354' title='bbox 1956 1810 1960 1816; x_wconf 84' lang='lat'><em>-</em></span> 
     </span>
    </p>
   </div>
   <div class='ocr_carea' id='block_1_27' title="bbox 1247 1865 2237 2669">
    <p class='ocr_par' dir='ltr' id='par_1_28' title="bbox 1247 1865 2237 2669">
     <span class='ocr_line' id='line_1_61' title="bbox 1349 1865 2236 1973; baseline 0.005 -35"><span class='ocrx_word' id='word_1_355' title='bbox 1349 1865 1416 1940; x_wconf 86' lang='lat' dir='ltr'><strong>Est</strong></span> <span class='ocrx_word' id='word_1_356' title='bbox 1437 1867 1496 1940; x_wconf 91' lang='lat' dir='ltr'><strong>hic</strong></span> <span class='ocrx_word' id='word_1_357' title='bbox 1518 1871 1694 1973; x_wconf 76' lang='lat' dir='ltr'><strong>quispiam</strong></span> <span class='ocrx_word' id='word_1_358' title='bbox 1708 1866 1924 1943; x_wconf 82' lang='lat' dir='ltr'><strong>Fridericus</strong></span> <span class='ocrx_word' id='word_1_359' title='bbox 1940 1866 2151 1970; x_wconf 81' lang='lat' dir='ltr'><strong>Staphylus</strong></span> <span class='ocrx_word' id='word_1_360' title='bbox 2172 1898 2236 1942; x_wconf 92' lang='lat' dir='ltr'><strong>na-</strong></span> 
     </span>
     <span class='ocr_line' id='line_1_62' title="bbox 1248 1970 2236 2064; baseline 0.001 -23"><span class='ocrx_word' id='word_1_361' title='bbox 1248 1986 1305 2041; x_wconf 90' lang='lat' dir='ltr'><strong>tus</strong></span> <span class='ocrx_word' id='word_1_362' title='bbox 1327 1971 1365 2038; x_wconf 92' lang='lat' dir='ltr'><strong>in</strong></span> <span class='ocrx_word' id='word_1_363' title='bbox 1389 1970 1559 2057; x_wconf 90' lang='lat' dir='ltr'><strong>Livonia,</strong></span> <span class='ocrx_word' id='word_1_364' title='bbox 1593 1998 1651 2057; x_wconf 94' lang='lat' dir='ltr'><strong>ac,</strong></span> <span class='ocrx_word' id='word_1_365' title='bbox 1683 1989 1724 2044; x_wconf 91' lang='lat' dir='ltr'><strong>ut</strong></span> <span class='ocrx_word' id='word_1_366' title='bbox 1744 1976 1914 2059; x_wconf 89' lang='lat' dir='ltr'><strong>arbitror,</strong></span> <span class='ocrx_word' id='word_1_367' title='bbox 1948 1974 2106 2064; x_wconf 91' lang='lat' dir='ltr'><strong>Principi</strong></span> <span class='ocrx_word' id='word_1_368' title='bbox 2126 1973 2236 2044; x_wconf 87' lang='lat' dir='ltr'><strong>Prus-</strong></span> 
     </span>
     <span class='ocr_line' id='line_1_63' title="bbox 1249 2072 2237 2166; baseline 0.003 -27"><span class='ocrx_word' id='word_1_369' title='bbox 1249 2073 1320 2140; x_wconf 90' lang='lat' dir='ltr'><strong>siae</strong></span> <span class='ocrx_word' id='word_1_370' title='bbox 1336 2088 1460 2153; x_wconf 88' lang='lat' dir='ltr'><strong>notus,</strong></span> <span class='ocrx_word' id='word_1_371' title='bbox 1493 2077 1556 2166; x_wconf 91' lang='lat' dir='ltr'><strong>qni</strong></span> <span class='ocrx_word' id='word_1_372' title='bbox 1580 2088 1696 2144; x_wconf 88' lang='lat' dir='ltr'><strong>tamen</strong></span> <span class='ocrx_word' id='word_1_373' title='bbox 1720 2090 1879 2166; x_wconf 87' lang='lat' dir='ltr'><strong>parentes</strong></span> <span class='ocrx_word' id='word_1_374' title='bbox 1904 2072 2029 2145; x_wconf 89' lang='lat' dir='ltr'><strong>habuit</strong></span> <span class='ocrx_word' id='word_1_375' title='bbox 2047 2073 2237 2145; x_wconf 89' lang='lat' dir='ltr'><strong>Germani-</strong></span> 
     </span>
     <span class='ocr_line' id='line_1_64' title="bbox 1249 2171 2236 2266; baseline 0.003 -25"><span class='ocrx_word' id='word_1_376' title='bbox 1249 2197 1324 2253; x_wconf 88' lang='lat' dir='ltr'><strong>cos,</strong></span> <span class='ocrx_word' id='word_1_377' title='bbox 1359 2188 1394 2243; x_wconf 90' lang='lat' dir='ltr'><strong>et</strong></span> <span class='ocrx_word' id='word_1_378' title='bbox 1413 2171 1530 2247; x_wconf 91' lang='lat' dir='ltr'><strong>adhuc</strong></span> <span class='ocrx_word' id='word_1_379' title='bbox 1549 2190 1682 2266; x_wconf 89' lang='lat' dir='ltr'><strong>patrem</strong></span> <span class='ocrx_word' id='word_1_380' title='bbox 1706 2172 1812 2246; x_wconf 89' lang='lat' dir='ltr'><strong>babet</strong></span> <span class='ocrx_word' id='word_1_381' title='bbox 1829 2178 1867 2244; x_wconf 93' lang='lat' dir='ltr'><strong>in</strong></span> <span class='ocrx_word' id='word_1_382' title='bbox 1884 2176 2103 2261; x_wconf 88' lang='lat' dir='ltr'><strong>Wcstvalis,</strong></span> <span class='ocrx_word' id='word_1_383' title='bbox 2127 2172 2236 2245; x_wconf 92' lang='lat' dir='ltr'><strong>homo</strong></span> 
     </span>
     <span class='ocr_line' id='line_1_65' title="bbox 1249 2274 2237 2368; baseline 0.002 -26"><span class='ocrx_word' id='word_1_384' title='bbox 1249 2275 1470 2363; x_wconf 84' lang='lat' dir='ltr'><strong>ingeniosus,</strong></span> <span class='ocrx_word' id='word_1_385' title='bbox 1501 2291 1536 2347; x_wconf 93' lang='lat' dir='ltr'><strong>et</strong></span> <span class='ocrx_word' id='word_1_386' title='bbox 1552 2274 1687 2346; x_wconf 89' lang='lat' dir='ltr'><strong>Graece</strong></span> <span class='ocrx_word' id='word_1_387' title='bbox 1708 2292 1742 2347; x_wconf 91' lang='lat' dir='ltr'><strong>et</strong></span> <span class='ocrx_word' id='word_1_388' title='bbox 1756 2277 1882 2349; x_wconf 88' lang='lat' dir='ltr'><strong>Latine</strong></span> <span class='ocrx_word' id='word_1_389' title='bbox 1904 2279 2078 2368; x_wconf 89' lang='lat' dir='ltr'><strong>praeclare</strong></span> <span class='ocrx_word' id='word_1_390' title='bbox 2103 2279 2237 2346; x_wconf 86' lang='lat' dir='ltr'><strong>doctus.</strong></span> 
     </span>
     <span class='ocr_line' id='line_1_66' title="bbox 1247 2371 2236 2474; baseline 0 -31"><span class='ocrx_word' id='word_1_391' title='bbox 1247 2374 1351 2444; x_wconf 92' lang='lat' dir='ltr'><strong>Nunc</strong></span> <span class='ocrx_word' id='word_1_392' title='bbox 1380 2380 1554 2463; x_wconf 84' lang='lat' dir='ltr'><strong>gubernat</strong></span> <span class='ocrx_word' id='word_1_393' title='bbox 1582 2380 1837 2447; x_wconf 86' lang='lat' dir='ltr'><strong>adolescentem</strong></span> <span class='ocrx_word' id='word_1_394' title='bbox 1864 2377 2039 2449; x_wconf 87' lang='lat' dir='ltr'><strong>Comitem</strong></span> <span class='ocrx_word' id='word_1_395' title='bbox 2060 2371 2236 2474; x_wconf 80' lang='lat' dir='ltr'><strong>Neugor-</strong></span> 
     </span>
     <span class='ocr_line' id='line_1_67' title="bbox 1248 2471 2236 2553; baseline 0.002 -9"><span class='ocrx_word' id='word_1_396' title='bbox 1248 2471 1404 2553; x_wconf 72' lang='lat' dir='ltr'><strong>densam.</strong></span> <span class='ocrx_word' id='word_1_397' title='bbox 1468 2477 1502 2548; x_wconf 91' lang='lat' dir='ltr'><strong>ls</strong></span> <span class='ocrx_word' id='word_1_398' title='bbox 1534 2479 1675 2549; x_wconf 87' lang='lat' dir='ltr'><strong>videtur</strong></span> <span class='ocrx_word' id='word_1_399' title='bbox 1707 2476 1797 2548; x_wconf 87' lang='lat' dir='ltr'><strong>mihi</strong></span> <span class='ocrx_word' id='word_1_400' title='bbox 1831 2481 2004 2551; x_wconf 89' lang='lat' dir='ltr'><strong>sustinere</strong></span> <span class='ocrx_word' id='word_1_401' title='bbox 2038 2476 2130 2549; x_wconf 93' lang='lat' dir='ltr'><strong>hanc</strong></span> <span class='ocrx_word' id='word_1_402' title='bbox 2162 2503 2236 2547; x_wconf 91' lang='lat' dir='ltr'><strong>rem</strong></span> 
     </span>
     <span class='ocr_line' id='line_1_68' title="bbox 1247 2602 1360 2669; baseline 0.027 -20"><span class='ocrx_word' id='word_1_403' title='bbox 1247 2602 1360 2669; x_wconf 84' lang='lat' dir='ltr'><strong>posse.</strong></span> 
     </span>
    </p>
   </div>
   <div class='ocr_carea' id='block_1_28' title="bbox 1244 2692 2239 3777">
    <p class='ocr_par' dir='ltr' id='par_1_29' title="bbox 1244 2692 2239 3777">
     <span class='ocr_line' id='line_1_69' title="bbox 1346 2692 2237 2789; baseline 0.003 -24"><span class='ocrx_word' id='word_1_404' title='bbox 1346 2692 1485 2765; x_wconf 77' lang='lat' dir='ltr'><strong>Bucari</strong></span> <span class='ocrx_word' id='word_1_405' title='bbox 1505 2698 1637 2768; x_wconf 87' lang='lat' dir='ltr'><strong>litteras</strong></span> <span class='ocrx_word' id='word_1_406' title='bbox 1660 2699 1689 2767; x_wconf 94' lang='lat' dir='ltr'><strong>si</strong></span> <span class='ocrx_word' id='word_1_407' title='bbox 1714 2723 1786 2769; x_wconf 92' lang='lat' dir='ltr'><strong>non</strong></span> <span class='ocrx_word' id='word_1_408' title='bbox 1809 2699 1942 2789; x_wconf 83' lang='lat' dir='ltr'><strong>legisti,</strong></span> <span class='ocrx_word' id='word_1_409' title='bbox 1975 2701 2093 2789; x_wconf 83' lang='lat' dir='ltr'><strong>legito.</strong></span> <span class='ocrx_word' id='word_1_410' title='bbox 2153 2698 2237 2769; x_wconf 90' lang='lat' dir='ltr'><strong>ldeo</strong></span> 
     </span>
     <span class='ocr_line' id='line_1_70' title="bbox 1247 2795 2238 2892; baseline 0.005 -29"><span class='ocrx_word' id='word_1_411' title='bbox 1247 2795 1342 2863; x_wconf 91' lang='lat' dir='ltr'><strong>enim</strong></span> <span class='ocrx_word' id='word_1_412' title='bbox 1363 2800 1516 2869; x_wconf 90' lang='lat' dir='ltr'><strong>remitto.</strong></span> <span class='ocrx_word' id='word_1_413' title='bbox 1567 2798 1744 2885; x_wconf 85' lang='lat' dir='ltr'><strong>Postulat,</strong></span> <span class='ocrx_word' id='word_1_414' title='bbox 1777 2815 1817 2870; x_wconf 90' lang='lat' dir='ltr'><strong>ut</strong></span> <span class='ocrx_word' id='word_1_415' title='bbox 1839 2804 1954 2885; x_wconf 90' lang='lat' dir='ltr'><strong>vides,</strong></span> <span class='ocrx_word' id='word_1_416' title='bbox 1987 2826 2068 2870; x_wconf 86' lang='lat' dir='ltr'><strong>mox</strong></span> <span class='ocrx_word' id='word_1_417' title='bbox 2091 2825 2238 2892; x_wconf 89' lang='lat' dir='ltr'><strong>respon-</strong></span> 
     </span>
     <span class='ocr_line' id='line_1_71' title="bbox 1247 2894 2239 2993; baseline 0.006 -30"><span class='ocrx_word' id='word_1_418' title='bbox 1247 2896 1336 2967; x_wconf 90' lang='lat' dir='ltr'><strong>deri.</strong></span> <span class='ocrx_word' id='word_1_419' title='bbox 1392 2894 1528 2964; x_wconf 83' lang='lat' dir='ltr'><strong>Addidi</strong></span> <span class='ocrx_word' id='word_1_420' title='bbox 1563 2900 1671 2985; x_wconf 86' lang='lat' dir='ltr'><strong>igitur</strong></span> <span class='ocrx_word' id='word_1_421' title='bbox 1701 2903 1769 2988; x_wconf 92' lang='lat' dir='ltr'><strong>ipsi</strong></span> <span class='ocrx_word' id='word_1_422' title='bbox 1803 2903 2008 2990; x_wconf 90' lang='lat' dir='ltr'><strong>inscriptam</strong></span> <span class='ocrx_word' id='word_1_423' title='bbox 2041 2904 2239 2993; x_wconf 89' lang='lat' dir='ltr'><strong>epistolam,</strong></span> 
     </span>
     <span class='ocr_line' id='line_1_72' title="bbox 1247 2993 2237 3090; baseline 0.004 -26"><span class='ocrx_word' id='word_1_424' title='bbox 1247 3022 1352 3088; x_wconf 91' lang='lat' dir='ltr'><strong>qnam</strong></span> <span class='ocrx_word' id='word_1_425' title='bbox 1371 2998 1452 3064; x_wconf 92' lang='lat' dir='ltr'><strong>volo</strong></span> <span class='ocrx_word' id='word_1_426' title='bbox 1469 2998 1561 3066; x_wconf 94' lang='lat' dir='ltr'><strong>nulli</strong></span> <span class='ocrx_word' id='word_1_427' title='bbox 1578 3000 1669 3066; x_wconf 89' lang='lat' dir='ltr'><strong>tradi</strong></span> <span class='ocrx_word' id='word_1_428' title='bbox 1686 3002 1754 3067; x_wconf 88' lang='lat' dir='ltr'><strong>nisi</strong></span> <span class='ocrx_word' id='word_1_429' title='bbox 1772 3001 1838 3083; x_wconf 92' lang='lat' dir='ltr'><strong>illi,</strong></span> <span class='ocrx_word' id='word_1_430' title='bbox 1864 3003 1920 3068; x_wconf 92' lang='lat' dir='ltr'><strong>cui</strong></span> <span class='ocrx_word' id='word_1_431' title='bbox 1936 2993 2037 3070; x_wconf 89' lang='lat' dir='ltr'><strong>iussit</strong></span> <span class='ocrx_word' id='word_1_432' title='bbox 2051 3004 2123 3090; x_wconf 88' lang='lat' dir='ltr'><strong>ipse</strong></span> <span class='ocrx_word' id='word_1_433' title='bbox 2141 3028 2237 3070; x_wconf 91' lang='lat' dir='ltr'><strong>com-</strong></span> 
     </span>
     <span class='ocr_line' id='line_1_73' title="bbox 1246 3095 2238 3187; baseline 0.006 -23"><span class='ocrx_word' id='word_1_434' title='bbox 1246 3097 1351 3168; x_wconf 92' lang='lat' dir='ltr'><strong>mitti.</strong></span> <span class='ocrx_word' id='word_1_435' title='bbox 1402 3095 1616 3187; x_wconf 84' lang='lat' dir='ltr'><strong>Respondeo</strong></span> <span class='ocrx_word' id='word_1_436' title='bbox 1632 3101 1725 3167; x_wconf 91' lang='lat' dir='ltr'><strong>enim</strong></span> <span class='ocrx_word' id='word_1_437' title='bbox 1742 3102 1806 3169; x_wconf 87' lang='lat' dir='ltr'><strong>etsi</strong></span> <span class='ocrx_word' id='word_1_438' title='bbox 1824 3096 1990 3184; x_wconf 86' lang='lat' dir='ltr'><strong>honesta,</strong></span> <span class='ocrx_word' id='word_1_439' title='bbox 2023 3115 2175 3170; x_wconf 86' lang='lat' dir='ltr'><strong>attamen</strong></span> <span class='ocrx_word' id='word_1_440' title='bbox 2194 3104 2238 3170; x_wconf 93' lang='lat' dir='ltr'><strong>de</strong></span> 
     </span>
     <span class='ocr_line' id='line_1_74' title="bbox 1246 3197 2235 3298; baseline 0.008 -32"><span class='ocrx_word' id='word_1_441' title='bbox 1246 3221 1285 3266; x_wconf 87' lang='lat' dir='ltr'><strong>re</strong></span> <span class='ocrx_word' id='word_1_442' title='bbox 1299 3198 1404 3291; x_wconf 88' lang='lat' dir='ltr'><strong>plena</strong></span> <span class='ocrx_word' id='word_1_443' title='bbox 1422 3200 1582 3287; x_wconf 89' lang='lat' dir='ltr'><strong>periculi.</strong></span> <span class='ocrx_word' id='word_1_444' title='bbox 1635 3200 1675 3270; x_wconf 88' lang='lat' dir='ltr'><strong>si</strong></span> <span class='ocrx_word' id='word_1_445' title='bbox 1697 3203 1785 3269; x_wconf 90' lang='lat' dir='ltr'><strong>abiit</strong></span> <span class='ocrx_word' id='word_1_446' title='bbox 1807 3202 1882 3270; x_wconf 86' lang='lat' dir='ltr'><strong>eius</strong></span> <span class='ocrx_word' id='word_1_447' title='bbox 1906 3197 2235 3298; x_wconf 75' lang='grc' dir='ltr'><strong><em>γραμματοφόρος,</em></strong></span> 
     </span>
     <span class='ocr_line' id='line_1_75' title="bbox 1246 3299 2238 3390; baseline 0.005 -23"><span class='ocrx_word' id='word_1_448' title='bbox 1246 3299 1377 3390; x_wconf 91' lang='lat' dir='ltr'><strong>poteris</strong></span> <span class='ocrx_word' id='word_1_449' title='bbox 1393 3300 1570 3387; x_wconf 84' lang='lat' dir='ltr'><strong>resignare</strong></span> <span class='ocrx_word' id='word_1_450' title='bbox 1586 3325 1678 3368; x_wconf 89' lang='lat' dir='ltr'><strong>meas</strong></span> <span class='ocrx_word' id='word_1_451' title='bbox 1700 3302 1852 3385; x_wconf 90' lang='lat' dir='ltr'><strong>litteras,</strong></span> <span class='ocrx_word' id='word_1_452' title='bbox 1885 3316 1920 3371; x_wconf 90' lang='lat' dir='ltr'><strong>et</strong></span> <span class='ocrx_word' id='word_1_453' title='bbox 1941 3303 2068 3372; x_wconf 90' lang='lat' dir='ltr'><strong>deinde</strong></span> <span class='ocrx_word' id='word_1_454' title='bbox 2093 3328 2238 3372; x_wconf 88' lang='lat' dir='ltr'><strong>concer-</strong></span> 
     </span>
     <span class='ocr_line' id='line_1_76' title="bbox 1247 3394 2238 3493; baseline 0.003 -24"><span class='ocrx_word' id='word_1_455' title='bbox 1247 3424 1340 3490; x_wconf 92' lang='lat' dir='ltr'><strong>pere.</strong></span> <span class='ocrx_word' id='word_1_456' title='bbox 1395 3394 1602 3493; x_wconf 80' lang='lat' dir='ltr'><strong>Dryondri</strong></span> <span class='ocrx_word' id='word_1_457' title='bbox 1623 3403 1730 3472; x_wconf 82' lang='lat' dir='ltr'><strong>trater</strong></span> <span class='ocrx_word' id='word_1_458' title='bbox 1756 3404 1917 3471; x_wconf 90' lang='lat' dir='ltr'><strong>nondum</strong></span> <span class='ocrx_word' id='word_1_459' title='bbox 1942 3406 2033 3493; x_wconf 91' lang='lat' dir='ltr'><strong>apud</strong></span> <span class='ocrx_word' id='word_1_460' title='bbox 2069 3428 2133 3472; x_wconf 92' lang='lat' dir='ltr'><strong>nos</strong></span> <span class='ocrx_word' id='word_1_461' title='bbox 2160 3406 2238 3473; x_wconf 82' lang='lat' dir='ltr'><strong>luit.</strong></span> 
     </span>
     <span class='ocr_line' id='line_1_77' title="bbox 1244 3499 2237 3593; baseline 0.002 -24"><span class='ocrx_word' id='word_1_462' title='bbox 1244 3499 1372 3570; x_wconf 89' lang='lat' dir='ltr'><strong>Coram</strong></span> <span class='ocrx_word' id='word_1_463' title='bbox 1397 3502 1501 3571; x_wconf 89' lang='lat' dir='ltr'><strong>etiam</strong></span> <span class='ocrx_word' id='word_1_464' title='bbox 1526 3505 1696 3593; x_wconf 90' lang='lat' dir='ltr'><strong>quaedam</strong></span> <span class='ocrx_word' id='word_1_465' title='bbox 1721 3506 1764 3573; x_wconf 88' lang='lat' dir='ltr'><strong>dc</strong></span> <span class='ocrx_word' id='word_1_466' title='bbox 1789 3504 1859 3573; x_wconf 92' lang='lat' dir='ltr'><strong>tuis</strong></span> <span class='ocrx_word' id='word_1_467' title='bbox 1885 3505 2175 3575; x_wconf 88' lang='lat' dir='ltr'><strong>annotationibus</strong></span> <span class='ocrx_word' id='word_1_468' title='bbox 2198 3506 2237 3572; x_wconf 93' lang='lat' dir='ltr'><strong>in</strong></span> 
     </span>
     <span class='ocr_line' id='line_1_78' title="bbox 1246 3597 2236 3680; baseline 0.006 -10"><span class='ocrx_word' id='word_1_469' title='bbox 1246 3600 1390 3670; x_wconf 88' lang='lat' dir='ltr'><strong>loannis</strong></span> <span class='ocrx_word' id='word_1_470' title='bbox 1407 3597 1601 3677; x_wconf 87' lang='lat' dir='ltr'><strong>historiam.</strong></span> <span class='ocrx_word' id='word_1_471' title='bbox 1624 3602 1723 3674; x_wconf 87' lang='lat' dir='ltr'><strong>Bene</strong></span> <span class='ocrx_word' id='word_1_472' title='bbox 1739 3619 1772 3675; x_wconf 94' lang='lat' dir='ltr'><strong>et</strong></span> <span class='ocrx_word' id='word_1_473' title='bbox 1788 3605 1936 3675; x_wconf 86' lang='lat' dir='ltr'><strong>feliciter</strong></span> <span class='ocrx_word' id='word_1_474' title='bbox 1953 3607 2040 3680; x_wconf 92' lang='lat' dir='ltr'><strong>vale.</strong></span> <span class='ocrx_word' id='word_1_475' title='bbox 2068 3604 2150 3676; x_wconf 93' lang='lat' dir='ltr'><strong>llll.</strong></span> <span class='ocrx_word' id='word_1_476' title='bbox 2162 3604 2236 3676; x_wconf 76' lang='lat' dir='ltr'><strong>No-</strong></span> 
     </span>
     <span class='ocr_line' id='line_1_79' title="bbox 1245 3705 1384 3777; baseline 0.036 -6"><span class='ocrx_word' id='word_1_477' title='bbox 1245 3705 1384 3777; x_wconf 87' lang='lat' dir='ltr'><strong>vembr.</strong></span> 
     </span>
    </p>
   </div>
   <div class='ocr_carea' id='block_1_29' title="bbox 1748 3803 2185 3900">
    <p class='ocr_par' dir='ltr' id='par_1_30' title="bbox 1748 3803 2185 3900">
     <span class='ocr_line' id='line_1_80' title="bbox 1748 3803 2185 3900; baseline 0.011 -26"><span class='ocrx_word' id='word_1_478' title='bbox 1748 3815 1751 3821; x_wconf 81' lang='grc'><strong>’</strong></span> <span class='ocrx_word' id='word_1_479' title='bbox 1806 3803 1994 3900; x_wconf 90' lang='lat' dir='ltr'><strong>Philippus</strong></span> <span class='ocrx_word' id='word_1_480' title='bbox 2011 3807 2185 3879; x_wconf 87' lang='lat' dir='ltr'><strong>Melanth.</strong></span> 
     </span>
    </p>
   </div>
   <div class='ocr_carea' id='block_1_30' title="bbox 1248 4168 2324 4315">
    <p class='ocr_par' dir='ltr' id='par_1_31' title="bbox 1248 4168 2324 4315">
     <span class='ocr_line' id='line_1_81' title="bbox 1252 4168 2324 4255; baseline 0 -5"><span class='ocrx_word' id='word_1_481' title='bbox 1252 4180 1320 4255; x_wconf 87' lang='lat' dir='ltr'><strong>Nu.</strong></span> <span class='ocrx_word' id='word_1_482' title='bbox 1338 4183 1450 4254; x_wconf 72' lang='grc'><strong>2792.</strong></span> <span class='ocrx_word' id='word_1_483' title='bbox 2104 4193 2136 4255; x_wconf 86' lang='grc'><strong>6.</strong></span> <span class='ocrx_word' id='word_1_484' title='bbox 2155 4187 2234 4251; x_wconf 78' lang='lat' dir='ltr'><strong>Nor.</strong></span> <span class='ocrx_word' id='word_1_485' title='bbox 2321 4168 2324 4171; x_wconf 22' lang='lat'><strong>⁴</strong></span> 
     </span>
     <span class='ocr_line' id='line_1_82' title="bbox 1248 4278 1460 4315; baseline 0.005 -1"><span class='ocrx_word' id='word_1_486' title='bbox 1248 4278 1460 4315; x_wconf 49' lang='lat' dir='ltr'><strong>ww</strong></span> 
     </span>
    </p>
   </div>
   <div class='ocr_carea' id='block_1_31' title="bbox 1599 4360 1879 4443">
    <p class='ocr_par' dir='ltr' id='par_1_32' title="bbox 1599 4360 1879 4443">
     <span class='ocr_line' id='line_1_83' title="bbox 1599 4360 1879 4443; baseline 0 -1"><span class='ocrx_word' id='word_1_487' title='bbox 1599 4361 1653 4443; x_wconf 91' lang='lat' dir='ltr'><strong>N.</strong></span> <span class='ocrx_word' id='word_1_488' title='bbox 1677 4360 1879 4443; x_wconf 83' lang='lat' dir='ltr'><strong>Medlero.</strong></span> 
     </span>
    </p>
   </div>
   <div class='ocr_carea' id='block_1_32' title="bbox 1309 4505 2233 4744">
    <p class='ocr_par' dir='ltr' id='par_1_33' title="bbox 1309 4505 2233 4744">
     <span class='ocr_line' id='line_1_84' title="bbox 1309 4505 2233 4606; baseline 0.009 -16"><span class='ocrx_word' id='word_1_489' title='bbox 1309 4531 1334 4590; x_wconf 85' lang='lat' dir='ltr'><strong>E</strong></span> <span class='ocrx_word' id='word_1_490' title='bbox 1349 4536 1410 4589; x_wconf 88' lang='lat' dir='ltr'><strong>cod.</strong></span> <span class='ocrx_word' id='word_1_491' title='bbox 1424 4534 1521 4590; x_wconf 79' lang='lat' dir='ltr'><strong>Barari</strong></span> <span class='ocrx_word' id='word_1_492' title='bbox 1538 4533 1600 4587; x_wconf 90' lang='lat' dir='ltr'><strong>Vol.</strong></span> <span class='ocrx_word' id='word_1_493' title='bbox 1616 4534 1649 4588; x_wconf 90' lang='lat' dir='ltr'><strong>ll.</strong></span> <span class='ocrx_word' id='word_1_494' title='bbox 1667 4553 1694 4606; x_wconf 88' lang='lat' dir='ltr'><strong>p.</strong></span> <span class='ocrx_word' id='word_1_495' title='bbox 1705 4505 1767 4589; x_wconf 70' lang='lat' dir='ltr'><strong>dio.</strong></span> <span class='ocrx_word' id='word_1_496' title='bbox 1786 4535 2013 4592; x_wconf 78' lang='lat' dir='ltr'><strong>aZscbeicbeelio</strong></span> <span class='ocrx_word' id='word_1_497' title='bbox 2033 4540 2062 4592; x_wconf 88' lang='lat' dir='ltr'><strong>in</strong></span> <span class='ocrx_word' id='word_1_498' title='bbox 2083 4542 2110 4595; x_wconf 90' lang='lat' dir='ltr'><strong>d.</strong></span> <span class='ocrx_word' id='word_1_499' title='bbox 2129 4540 2233 4599; x_wconf 81' lang='lat' dir='ltr'><strong>Uuseb.</strong></span> 
     </span>
     <span class='ocr_line' id='line_1_85' title="bbox 1347 4604 2233 4681; baseline 0.01 -24"><span class='ocrx_word' id='word_1_500' title='bbox 1347 4604 1445 4658; x_wconf 82' lang='lat' dir='ltr'><strong>Nacbr.</strong></span> <span class='ocrx_word' id='word_1_501' title='bbox 1461 4604 1536 4658; x_wconf 77' lang='lat'><strong>1739.</strong></span> <span class='ocrx_word' id='word_1_502' title='bbox 1552 4623 1577 4675; x_wconf 90' lang='lat' dir='ltr'><strong>p.</strong></span> <span class='ocrx_word' id='word_1_503' title='bbox 1584 4604 1643 4657; x_wconf 79' lang='lat'><strong>405.</strong></span> <span class='ocrx_word' id='word_1_504' title='bbox 1661 4615 1688 4658; x_wconf 85' lang='lat' dir='ltr'><strong>et</strong></span> <span class='ocrx_word' id='word_1_505' title='bbox 1701 4624 1788 4676; x_wconf 88' lang='lat' dir='ltr'><strong>nuper</strong></span> <span class='ocrx_word' id='word_1_506' title='bbox 1799 4624 1815 4658; x_wconf 83' lang='lat' dir='ltr'><strong>a</strong></span> <span class='ocrx_word' id='word_1_507' title='bbox 1825 4604 1932 4659; x_wconf 78' lang='lat' dir='ltr'><strong>Danzio</strong></span> <span class='ocrx_word' id='word_1_508' title='bbox 1945 4627 1988 4678; x_wconf 84' lang='lat' dir='ltr'><strong>ep.</strong></span> <span class='ocrx_word' id='word_1_509' title='bbox 2000 4609 2044 4662; x_wconf 71' lang='lat'><strong>24.</strong></span> <span class='ocrx_word' id='word_1_510' title='bbox 2056 4611 2140 4681; x_wconf 77' lang='lat' dir='ltr'><strong>edita,</strong></span> <span class='ocrx_word' id='word_1_511' title='bbox 2158 4631 2233 4666; x_wconf 83' lang='lat' dir='ltr'><strong>nune</strong></span> 
     </span>
     <span class='ocr_line' id='line_1_86' title="bbox 1345 4672 1716 4744; baseline -0.005 -16"><span class='ocrx_word' id='word_1_512' title='bbox 1345 4693 1374 4728; x_wconf 82' lang='lat' dir='ltr'><strong>ex</strong></span> <span class='ocrx_word' id='word_1_513' title='bbox 1389 4672 1485 4733; x_wconf 83' lang='lat' dir='ltr'><strong>codem</strong></span> <span class='ocrx_word' id='word_1_514' title='bbox 1500 4673 1562 4728; x_wconf 90' lang='lat' dir='ltr'><strong>cod.</strong></span> <span class='ocrx_word' id='word_1_515' title='bbox 1575 4672 1716 4744; x_wconf 75' lang='lat' dir='ltr'><strong>descripta.</strong></span> 
     </span>
    </p>
   </div>
   <div class='ocr_carea' id='block_1_33' title="bbox 1511 4824 2084 4904">
    <p class='ocr_par' dir='ltr' id='par_1_34' title="bbox 1511 4824 2084 4904">
     <span class='ocr_line' id='line_1_87' title="bbox 1511 4824 2084 4904; baseline 0.002 -3"><span class='ocrx_word' id='word_1_516' title='bbox 1511 4824 1718 4901; x_wconf 85' lang='lat' dir='ltr'><strong>Nicolao</strong></span> <span class='ocrx_word' id='word_1_517' title='bbox 1742 4825 1963 4904; x_wconf 81' lang='lat' dir='ltr'><strong>Medlero</strong></span> <span class='ocrx_word' id='word_1_518' title='bbox 2075 4865 2084 4875; x_wconf 81' lang='lat'><em>·</em></span> 
     </span>
    </p>
   </div>
   <div class='ocr_carea' id='block_1_34' title="bbox 1240 4947 2232 5363">
    <p class='ocr_par' dir='ltr' id='par_1_35' title="bbox 1240 4947 2232 5363">
     <span class='ocr_line' id='line_1_88' title="bbox 1240 4947 2231 5059; baseline 0.008 -21"><span class='ocrx_word' id='word_1_519' title='bbox 1240 4947 1282 5040; x_wconf 83' lang='lat' dir='ltr'><strong>S.</strong></span> <span class='ocrx_word' id='word_1_520' title='bbox 1304 4968 1350 5039; x_wconf 89' lang='lat' dir='ltr'><strong>D.</strong></span> <span class='ocrx_word' id='word_1_521' title='bbox 1398 4965 1489 5037; x_wconf 92' lang='lat' dir='ltr'><strong>Cum</strong></span> <span class='ocrx_word' id='word_1_522' title='bbox 1516 4961 1583 5036; x_wconf 91' lang='lat' dir='ltr'><strong>hoc</strong></span> <span class='ocrx_word' id='word_1_523' title='bbox 1605 4981 1761 5059; x_wconf 87' lang='lat' dir='ltr'><strong>tempore.</strong></span> <span class='ocrx_word' id='word_1_524' title='bbox 1781 4970 1846 5038; x_wconf 87' lang='lat' dir='ltr'><strong>lilii</strong></span> <span class='ocrx_word' id='word_1_525' title='bbox 1874 4974 2167 5044; x_wconf 88' lang='lat' dir='ltr'><strong>consuetudinem</strong></span> <span class='ocrx_word' id='word_1_526' title='bbox 2193 4978 2231 5046; x_wconf 93' lang='lat' dir='ltr'><strong>in</strong></span> 
     </span>
     <span class='ocr_line' id='line_1_89' title="bbox 1240 5065 2232 5167; baseline 0.011 -28"><span class='ocrx_word' id='word_1_527' title='bbox 1240 5067 1308 5140; x_wconf 93' lang='lat' dir='ltr'><strong>hoc</strong></span> <span class='ocrx_word' id='word_1_528' title='bbox 1323 5065 1455 5139; x_wconf 86' lang='lat' dir='ltr'><strong>recenti</strong></span> <span class='ocrx_word' id='word_1_529' title='bbox 1470 5069 1568 5137; x_wconf 89' lang='lat' dir='ltr'><strong>luctu</strong></span> <span class='ocrx_word' id='word_1_530' title='bbox 1584 5070 1725 5162; x_wconf 89' lang='lat' dir='ltr'><strong>utrique</strong></span> <span class='ocrx_word' id='word_1_531' title='bbox 1741 5072 1965 5160; x_wconf 87' lang='lat' dir='ltr'><strong>profuturum</strong></span> <span class='ocrx_word' id='word_1_532' title='bbox 1983 5098 2055 5143; x_wconf 89' lang='lat' dir='ltr'><strong>esse</strong></span> <span class='ocrx_word' id='word_1_533' title='bbox 2071 5078 2232 5167; x_wconf 90' lang='lat' dir='ltr'><strong>arbitrer,</strong></span> 
     </span>
     <span class='ocr_line' id='line_1_90' title="bbox 1241 5170 2231 5271; baseline 0.016 -33"><span class='ocrx_word' id='word_1_534' title='bbox 1241 5174 1344 5262; x_wconf 90' lang='lat' dir='ltr'><strong>plane</strong></span> <span class='ocrx_word' id='word_1_535' title='bbox 1367 5170 1553 5238; x_wconf 89' lang='lat' dir='ltr'><strong>consilium</strong></span> <span class='ocrx_word' id='word_1_536' title='bbox 1578 5183 1678 5239; x_wconf 89' lang='lat' dir='ltr'><strong>tuum</strong></span> <span class='ocrx_word' id='word_1_537' title='bbox 1703 5174 1747 5239; x_wconf 93' lang='lat' dir='ltr'><strong>de</strong></span> <span class='ocrx_word' id='word_1_538' title='bbox 1770 5177 1978 5242; x_wconf 89' lang='lat' dir='ltr'><strong>accersendo</strong></span> <span class='ocrx_word' id='word_1_539' title='bbox 2004 5176 2077 5247; x_wconf 87' lang='lat' dir='ltr'><strong>filio</strong></span> <span class='ocrx_word' id='word_1_540' title='bbox 2105 5183 2231 5271; x_wconf 91' lang='lat' dir='ltr'><strong>probo.</strong></span> 
     </span>
     <span class='ocr_line' id='line_1_91' title="bbox 1241 5271 2231 5363; baseline 0.012 -21"><span class='ocrx_word' id='word_1_541' title='bbox 1241 5272 1311 5343; x_wconf 84' lang='lat' dir='ltr'><strong>Sed</strong></span> <span class='ocrx_word' id='word_1_542' title='bbox 1331 5273 1361 5339; x_wconf 90' lang='lat' dir='ltr'><strong>si</strong></span> <span class='ocrx_word' id='word_1_543' title='bbox 1376 5271 1567 5363; x_wconf 90' lang='lat' dir='ltr'><strong>tranquilla</strong></span> <span class='ocrx_word' id='word_1_544' title='bbox 1584 5287 1688 5342; x_wconf 86' lang='lat' dir='ltr'><strong>erunt</strong></span> <span class='ocrx_word' id='word_1_545' title='bbox 1714 5286 1889 5362; x_wconf 88' lang='lat' dir='ltr'><strong>tempora,</strong></span> <span class='ocrx_word' id='word_1_546' title='bbox 1922 5300 2046 5348; x_wconf 88' lang='lat' dir='ltr'><strong>censeo</strong></span> <span class='ocrx_word' id='word_1_547' title='bbox 2069 5306 2143 5351; x_wconf 92' lang='lat' dir='ltr'><strong>non</strong></span> <span class='ocrx_word' id='word_1_548' title='bbox 2167 5286 2231 5354; x_wconf 92' lang='lat' dir='ltr'><strong>diu</strong></span> 
     </span>
    </p>
   </div>
   <div class='ocr_carea' id='block_1_35' title="bbox 212 5366 2230 5517">
    <p class='ocr_par' dir='ltr' id='par_1_36' title="bbox 212 5366 2230 5517">
     <span class='ocr_line' id='line_1_92' title="bbox 212 5366 2230 5517; baseline -0.012 -50"><span class='ocrx_word' id='word_1_549' title='bbox 212 5428 517 5517; x_wconf 55' lang='lat' dir='ltr'><strong>mdeswingenqo</strong></span> <span class='ocrx_word' id='word_1_550' title='bbox 534 5437 602 5506; x_wconf 49' lang='lat' dir='ltr'><strong>esp,</strong></span> <span class='ocrx_word' id='word_1_551' title='bbox 637 5435 752 5491; x_wconf 56' lang='lat' dir='ltr'><strong>tamen</strong></span> <span class='ocrx_word' id='word_1_552' title='bbox 776 5444 849 5487; x_wconf 71' lang='lat' dir='ltr'><strong>non</strong></span> <span class='ocrx_word' id='word_1_553' title='bbox 871 5418 1012 5486; x_wconf 46' lang='lat' dir='ltr'><strong>videtur</strong></span> <span class='ocrx_word' id='word_1_554' title='bbox 1034 5414 1125 5510; x_wconf 66' lang='grc' dir='ltr'><strong><em>πρὸς</em></strong></span> <span class='ocrx_word' id='word_1_555' title='bbox 1144 5412 1187 5487; x_wconf 58' lang='grc' dir='ltr'><strong>τὸ</strong></span> <span class='ocrx_word' id='word_1_556' title='bbox 1240 5374 1280 5441; x_wconf 92' lang='lat' dir='ltr'><strong>in</strong></span> <span class='ocrx_word' id='word_1_557' title='bbox 1303 5374 1364 5491; x_wconf 78' lang='lat' dir='ltr'><strong>illa</strong></span> <span class='ocrx_word' id='word_1_558' title='bbox 1386 5372 1514 5463; x_wconf 91' lang='lat' dir='ltr'><strong>puerili</strong></span> <span class='ocrx_word' id='word_1_559' title='bbox 1537 5366 1655 5441; x_wconf 89' lang='lat' dir='ltr'><strong>schola</strong></span> <span class='ocrx_word' id='word_1_560' title='bbox 1678 5373 1909 5443; x_wconf 88' lang='lat' dir='ltr'><strong>detinendum</strong></span> <span class='ocrx_word' id='word_1_561' title='bbox 1930 5401 2012 5453; x_wconf 88' lang='lat' dir='ltr'><strong>esse.</strong></span> <span class='ocrx_word' id='word_1_562' title='bbox 2044 5380 2230 5455; x_wconf 70' lang='lat' dir='ltr'><strong>&#39;Namim</strong></span> 
     </span>
    </p>
   </div>
   <div class='ocr_carea' id='block_1_36' title="bbox 1239 5469 2230 5881">
    <p class='ocr_par' dir='ltr' id='par_1_37' title="bbox 1239 5469 2230 5881">
     <span class='ocr_line' id='line_1_93' title="bbox 1240 5469 2230 5565; baseline 0.015 -25"><span class='ocrx_word' id='word_1_563' title='bbox 1240 5498 1331 5563; x_wconf 81' lang='lat' dir='ltr'><strong>genu</strong></span> <span class='ocrx_word' id='word_1_564' title='bbox 1350 5474 1402 5543; x_wconf 93' lang='lat' dir='ltr'><strong>vis</strong></span> <span class='ocrx_word' id='word_1_565' title='bbox 1418 5474 1456 5541; x_wconf 94' lang='lat' dir='ltr'><strong>in</strong></span> <span class='ocrx_word' id='word_1_566' title='bbox 1471 5469 1672 5542; x_wconf 82' lang='lat' dir='ltr'><strong>Academiis</strong></span> <span class='ocrx_word' id='word_1_567' title='bbox 1689 5474 1727 5541; x_wconf 92' lang='lat' dir='ltr'><strong>in</strong></span> <span class='ocrx_word' id='word_1_568' title='bbox 1742 5476 1893 5565; x_wconf 91' lang='lat' dir='ltr'><strong>quadam</strong></span> <span class='ocrx_word' id='word_1_569' title='bbox 1910 5481 2077 5555; x_wconf 87' lang='lat' dir='ltr'><strong>varietate</strong></span> <span class='ocrx_word' id='word_1_570' title='bbox 2095 5489 2230 5558; x_wconf 88' lang='lat' dir='ltr'><strong>doctri-</strong></span> 
     </span>
     <span class='ocr_line' id='line_1_94' title="bbox 1239 5570 2230 5676; baseline 0.012 -30"><span class='ocrx_word' id='word_1_571' title='bbox 1239 5601 1385 5659; x_wconf 88' lang='lat' dir='ltr'><strong>narum,</strong></span> <span class='ocrx_word' id='word_1_572' title='bbox 1415 5575 1658 5664; x_wconf 86' lang='lat' dir='ltr'><strong>ingeniorum,</strong></span> <span class='ocrx_word' id='word_1_573' title='bbox 1680 5570 1898 5664; x_wconf 76' lang='lat' dir='ltr'><strong>itttdiorum,</strong></span> <span class='ocrx_word' id='word_1_574' title='bbox 1924 5585 2034 5673; x_wconf 82' lang='lat' dir='ltr'><strong>magis</strong></span> <span class='ocrx_word' id='word_1_575' title='bbox 2051 5589 2230 5676; x_wconf 87' lang='lat' dir='ltr'><strong>excitatur,</strong></span> 
     </span>
     <span class='ocr_line' id='line_1_95' title="bbox 1240 5674 2229 5772; baseline 0.006 -26"><span class='ocrx_word' id='word_1_576' title='bbox 1240 5693 1273 5748; x_wconf 87' lang='lat' dir='ltr'><strong>et</strong></span> <span class='ocrx_word' id='word_1_577' title='bbox 1291 5678 1402 5761; x_wconf 86' lang='lat' dir='ltr'><strong>fitius,</strong></span> <span class='ocrx_word' id='word_1_578' title='bbox 1426 5674 1493 5744; x_wconf 90' lang='lat' dir='ltr'><strong>Dei</strong></span> <span class='ocrx_word' id='word_1_579' title='bbox 1513 5676 1700 5761; x_wconf 88' lang='lat' dir='ltr'><strong>beneficio,</strong></span> <span class='ocrx_word' id='word_1_580' title='bbox 1734 5700 1773 5745; x_wconf 88' lang='lat' dir='ltr'><strong>ea</strong></span> <span class='ocrx_word' id='word_1_581' title='bbox 1797 5692 1848 5750; x_wconf 89' lang='lat' dir='ltr'><strong>est</strong></span> <span class='ocrx_word' id='word_1_582' title='bbox 1870 5681 2010 5772; x_wconf 90' lang='lat' dir='ltr'><strong>indole,</strong></span> <span class='ocrx_word' id='word_1_583' title='bbox 2043 5704 2084 5760; x_wconf 89' lang='lat' dir='ltr'><strong>ut</strong></span> <span class='ocrx_word' id='word_1_584' title='bbox 2104 5692 2146 5758; x_wconf 89' lang='lat' dir='ltr'><strong>ad</strong></span> <span class='ocrx_word' id='word_1_585' title='bbox 2171 5716 2229 5759; x_wconf 85' lang='lat' dir='ltr'><strong>ar.</strong></span> 
     </span>
     <span class='ocr_line' id='line_1_96' title="bbox 1239 5778 2228 5881; baseline 0.012 -32"><span class='ocrx_word' id='word_1_586' title='bbox 1239 5783 1329 5852; x_wconf 89' lang='lat' dir='ltr'><strong>tium</strong></span> <span class='ocrx_word' id='word_1_587' title='bbox 1356 5779 1568 5870; x_wconf 87' lang='lat' dir='ltr'><strong>optimarum</strong></span> <span class='ocrx_word' id='word_1_588' title='bbox 1596 5778 1846 5881; x_wconf 84' lang='lat' dir='ltr'><strong>perfectionem</strong></span> <span class='ocrx_word' id='word_1_589' title='bbox 1880 5788 2059 5877; x_wconf 87' lang='lat' dir='ltr'><strong>adspirare</strong></span> <span class='ocrx_word' id='word_1_590' title='bbox 2092 5792 2228 5865; x_wconf 87' lang='lat' dir='ltr'><strong>debeat.</strong></span> 
     </span>
    </p>
   </div>
   <div class='ocr_carea' id='block_1_37' title="bbox 1236 5881 2230 5981">
    <p class='ocr_par' dir='ltr' id='par_1_38' title="bbox 1236 5881 2230 5981">
     <span class='ocr_line' id='line_1_97' title="bbox 1236 5881 2230 5981; baseline 0.008 -27"><span class='ocrx_word' id='word_1_591' title='bbox 1236 5881 1373 5969; x_wconf 83' lang='lat' dir='ltr'><strong>Deum,</strong></span> <span class='ocrx_word' id='word_1_592' title='bbox 1406 5893 1587 5949; x_wconf 90' lang='lat' dir='ltr'><strong>aeternum</strong></span> <span class='ocrx_word' id='word_1_593' title='bbox 1610 5892 1746 5974; x_wconf 90' lang='lat' dir='ltr'><strong>patrem</strong></span> <span class='ocrx_word' id='word_1_594' title='bbox 1769 5884 1907 5955; x_wconf 88' lang='lat' dir='ltr'><strong>domini</strong></span> <span class='ocrx_word' id='word_1_595' title='bbox 1928 5892 2041 5959; x_wconf 90' lang='lat' dir='ltr'><strong>nostri</strong></span> <span class='ocrx_word' id='word_1_596' title='bbox 2056 5886 2084 5959; x_wconf 94' lang='grc' dir='ltr'><strong>Ι.</strong></span> <span class='ocrx_word' id='word_1_597' title='bbox 2097 5888 2136 5967; x_wconf 93' lang='lat' dir='ltr'><strong>C.</strong></span> <span class='ocrx_word' id='word_1_598' title='bbox 2155 5919 2230 5981; x_wconf 89' lang='lat' dir='ltr'><strong>oro,</strong></span> 
     </span>
    </p>
   </div>
   <div class='ocr_carea' id='block_1_38' title="bbox 0 0 2668 6917">
    <p class='ocr_par' dir='ltr' id='par_1_39' title="bbox 0 0 2668 6917">
     <span class='ocr_line' id='line_1_98' title="bbox 0 0 2668 6917; baseline 0 0"><span class='ocrx_word' id='word_1_599' title='bbox 0 0 2668 6917; x_wconf 95' lang='lat' dir='ltr'><strong> </strong></span> 
     </span>
    </p>
   </div>
   <div class='ocr_carea' id='block_1_39' title="bbox 2163 779 2341 852">
    <p class='ocr_par' dir='ltr' id='par_1_40' title="bbox 2163 779 2341 852">
     <span class='ocr_line' id='line_1_99' title="bbox 2163 779 2341 852; baseline 0.006 -3"><span class='ocrx_word' id='word_1_600' title='bbox 2163 779 2239 852; x_wconf 90' lang='grc'><strong>222</strong></span> <span class='ocrx_word' id='word_1_601' title='bbox 2339 820 2341 826; x_wconf 54' lang='lat'>1</span> 
     </span>
    </p>
   </div>
  </div>
 </body>
</html>
