5325 6917
303 715 377 788 stt
872 708 1308 790 EPISTOLARUM
1373 710 1484 791 LlB.
1518 712 1583 787 le
1635 710 1770 793 1545.
2301 720 2375 797 872

307 890 487 983 quendam
506 878 728 958 Εὖτωτιδαν
741 881 790 979 (l)
806 909 843 954 se
860 885 975 975 ipsum
992 886 1198 970 fascinasse,
1223 910 1303 955 cum
1358 884 1547 954 deliberari
1562 884 1771 976 diligentius
1788 888 1928 979 poterit.
1987 888 2072 963 Fuit
2089 890 2295 961 nobiscum
2311 916 2372 982 pa-

310 1015 383 1062 sese
405 1002 576 1081 spectaret
600 987 828 1072 influmine,
860 987 965 1057 etita
989 989 1124 1079 fascino
1148 986 1305 1080 periisse.
1358 997 1433 1054 stor
1460 982 1637 1055 Ecclesiae
1661 978 1909 1076 Corvicensis,
1941 995 2128 1064 modestus
2161 1007 2203 1063 et
2237 996 2370 1083 probus

309 1089 455 1185 Opinor
471 1104 506 1160 et
525 1085 567 1161 V
563 1087 728 1178 itpmsui
745 1089 981 1159 admiratione
996 1089 1204 1159 fascinatum
1222 1112 1306 1173 esse,
1357 1086 1431 1167 vir,
1461 1087 1525 1179 qui
1546 1087 1615 1172 ait,
1647 1089 1717 1159 nisi
1740 1092 1891 1165 accessio
1913 1094 2034 1187 aliqua
2057 1099 2105 1165 ad
2137 1095 2367 1187 stipendium

309 1207 344 1264 et
358 1194 427 1263 sibi
441 1192 607 1261 morbum
625 1213 814 1275 accersere;
839 1192 934 1284 quod
952 1192 1096 1283 quidem
1111 1191 1304 1283 aliquando
1356 1187 1435 1272 liat,
1468 1212 1532 1257 nec
1555 1211 1609 1268 se,
1644 1214 1709 1260 nec
1731 1192 1842 1261 alium
1874 1208 2069 1282 pastorem,
2104 1197 2226 1269 etiam
2251 1198 2367 1289 fruga-

308 1293 406 1366 Deus
427 1294 598 1375 ostendet,
649 1288 727 1380 Ego
744 1292 777 1360 ei
799 1316 865 1361 nec
888 1294 981 1361 male
1004 1293 1105 1377 volo,
1132 1317 1196 1361 nec
1221 1293 1306 1361 laesi
1357 1289 1446 1369 lem,
1471 1313 1571 1379 posse
1587 1290 1639 1359 ibi
1654 1316 1808 1365 manere.
1861 1291 2040 1367 Hactenus
2054 1322 2093 1369 se
2109 1299 2252 1370 officiis
2268 1325 2364 1392 prae·

309 1396 483 1469 eumulla
499 1394 538 1462 in
556 1393 733 1465 resciens.
785 1391 863 1483 lpse
884 1418 941 1462 me
956 1394 1079 1464 multis
1094 1394 1211 1463 modis
1234 1394 1306 1462 lae·
1356 1391 1441 1461 fecti
1458 1392 1590 1461 mortui
1609 1392 1791 1463 interdum
1814 1396 1976 1466 adiutum
1992 1423 2077 1468 esse.
2130 1400 2236 1471 Cum
2251 1417 2363 1473 autern

311 1500 374 1581 sit,
399 1472 462 1565 sed
489 1490 622 1589 κωφὸν
645 1490 753 1588 βέλος
777 1490 916 1588 ἀνδρὸς
941 1488 1141 1576 ἀνάλκιδος
1147 1547 1159 1580 ,
1188 1495 1307 1588 inquit
1358 1492 1396 1559 in
1430 1516 1471 1561 eo
1507 1494 1585 1562 loco
1622 1496 1726 1566 multi
1763 1497 1897 1567 fuerint
1929 1496 2179 1571 Ecclesiastici
2219 1505 2359 1591 reditus,

309 1598 498 1669 Homerus.
550 1594 623 1665 Nec
646 1610 765 1665 tamen
791 1598 902 1686 magis
924 1598 1086 1666 rabiosus
1109 1598 1148 1666 iu
1169 1621 1226 1665 me
1248 1597 1306 1664 in·
1343 1617 1486 1685 -quaeso
1522 1609 1562 1664 ut
1593 1590 1635 1668 C.
1668 1594 1711 1665 V.
1747 1598 1877 1668 scribat
1913 1598 2163 1673 illustrissimo
2203 1603 2360 1697 Principi

310 1700 572 1791 currit,=qnam
597 1697 659 1766 alii
682 1697 827 1791 quidam
849 1694 941 1766 mihi
965 1700 1075 1787 magis
1104 1699 1305 1782 familiares,
1364 1688 1630 1792 Wolsgango,
1665 1711 1704 1766 ut
1736 1699 1821 1767 addi
1854 1703 2067 1772 mediocrem
2103 1708 2356 1787 accessionem,

311 1802 410 1872 nulla
442 1824 460 1869 a
482 1823 540 1867 me
566 1798 698 1868 iniuria
720 1799 847 1872 affecti.
899 1798 970 1870 Sed
995 1801 1095 1868 deleo
1120 1799 1303 1869 exanimo
1358 1819 1420 1864 seu
1446 1800 1615 1889 frumeuti
1641 1814 1675 1869 et
1704 1800 1903 1890 lignorum,
1933 1826 1996 1873 seu
2018 1808 2222 1908 pecuniae,
2254 1823 2355 1882 curet.

309 1902 475 1973 funditus
501 1923 624 1970 omnes
651 1901 807 1992 privatas
836 1901 1048 1982 simultates,
1081 1926 1121 1970 ac
1151 1899 1304 1991 simplici
1356 1895 1431 1967 Scit
1445 1894 1485 1971 C.
1503 1896 1545 1972 V.
1563 1901 1717 1991 potuisse
1734 1896 1801 1972 hoc
1826 1903 1902 1971 ficri
1926 1919 2027 1975 antea
2048 1909 2136 1978 satis
2159 1912 2354 1983 commode.

310 2004 429 2075 studio
453 2001 608 2094 quaesivi
630 2002 828 2071 doctrinam
843 1998 1020 2074 Ecclesiae
1039 2016 1210 2086 veterem,
1236 2027 1304 2093 pu·
1354 1995 1459 2068 Nunc
1476 2000 1605 2071 accidit
1621 2005 1714 2095 quod
1732 2004 1876 2086 dicitur,
1899 1998 2014 2100 Quod
2026 2032 2103 2076 uon
2122 2007 2232 2079 tollit
2249 2000 2354 2079 Clm‘-

311 2130 407 2185 ram,
432 2104 589 2185 firmam,
610 2103 864 2195 incorruptam.
922 2101 970 2174 Et
991 2105 1154 2195 permitto
1179 2106 1224 2173 de
1245 2127 1302 2172 me
1354 2105 1455 2184 slus,
1500 2098 1600 2170 lollii
1624 2098 1756 2195 fiscus.
1824 2103 1989 2176 Vidimus
2022 2114 2353 2202 sumptuosissimos

311 2207 485 2277 iudicium
511 2203 578 2274 toti
596 2200 774 2274 Ecclesiae
798 2218 833 2274 et
856 2206 1023 2275 omnihus
1045 2205 1115 2297 piis
1135 2220 1169 2275 ct
1189 2207 1303 2278 doctis
1353 2200 1461 2270 fuisse
1488 2200 1670 2295 Principes
1702 2218 1841 2274 nostros
1872 2208 1910 2276 in
1940 2212 2045 2280 rebus
2074 2213 2293 2300 inutilibus,
2322 2229 2352 2285 et

310 2308 444 2400 ubique
468 2321 661 2375 terrarum:
688 2330 767 2377 sum
784 2307 890 2375 ctiam
906 2303 1111 2377 adhortator
1126 2307 1303 2392 omnibus,
1354 2304 1577 2392 parcissimos
1596 2304 1819 2376 inlEcclesiis
1835 2322 1868 2378 et
1884 2311 2010 2380 studiis
2023 2314 2210 2389 fovendis.
2253 2315 2351 2386 Nunc

310 2423 352 2482 ut
374 2408 490 2479 studia
514 2407 790 2497 coniungamus,
823 2428 864 2478 ut
888 2410 1050 2478 doctriua
1073 2409 1235 2478 salutaris
1257 2409 1303 2476 ad
1354 2406 1622 2476 cornmouefacti
1639 2431 1767 2498 poena,
1794 2409 1934 2479 utinam
1946 2413 2018 2484 siut
2032 2415 2260 2487 liberaliores
2274 2440 2349 2509 erga

310 2524 468 2604 posteros
483 2523 709 2601 propagetur.
761 2508 887 2578 Talem
907 2509 1067 2579 animum
1085 2523 1201 2579 statuo
1216 2534 1304 2579 con·
1354 2501 1560 2582 Ecclesiam.
1595 2506 1709 2615 ⁴Bene
1726 2511 1840 2581 valeat
1856 2508 1897 2587 C.
1913 2512 1957 2589 V.
2009 2514 2077 2585 Die
2095 2520 2162 2593 20.
2180 2516 2306 2593 Octob.

310 2614 433 2681 venire
454 2607 634 2679 Ecclesiae
657 2612 748 2688 civi,
784 2634 849 2678 nec
870 2634 926 2678 me
945 2625 1130 2700 propterea
1154 2610 1300 2711 eiectum

311 2737 384 2784 esse
399 2736 441 2780 er
457 2707 614 2778 Ecclesia
633 2709 770 2793 iudico,
795 2709 930 2779 etiamsi
946 2712 1141 2781 maledictis
1156 2726 1217 2782 aut
1231 2713 1303 2781 ira·
1368 2731 1530 2740 ’““’”“··

310 2830 428 2887 torum
457 2824 519 2880 aut
541 2810 798 2880 malevolorum
826 2813 970 2885 obruor.
1022 2811 1202 2906 Scriptum
1233 2827 1301 2883 est:
1353 2869 1385 2939 N
1434 2865 1533 2940 3295
1889 2912 1891 2915 Α
2267 2885 2301 2950 Ο

310 2913 524 2986 maledicent
555 2912 630 2996 illi,
664 2926 699 2981 et
726 2909 824 2982 Deus
854 2915 1055 3000 benedicet;
1090 2915 1198 3009 idque
1224 2916 1300 2984 fieri
1360 2893 1553 2994 ζῶ·
2173 2897 2348 3006 M

310 3014 482 3089 hactenus
503 3027 666 3105 expertus
688 3036 767 3083 sum
790 3026 825 3083 et
845 3012 922 3085 Deo
945 3016 1073 3105 gratias
1096 3040 1180 3106 ago,
1206 3018 1301 3109 quod

310 3141 388 3188 mea
407 3114 523 3185 studia
544 3116 654 3200 rexit,
684 3129 725 3186 ut
744 3114 865 3209 aliquo
887 3119 995 3188 modo
1017 3119 1219 3209 prodessem
1245 3119 1302 3187 di·
1652 3071 1703 3163 G·
1731 3075 2041 3165 Bliciiiwi‘em·

313 3219 491 3290 scentibus
512 3214 711 3286 doctrinam
732 3212 928 3299 Ecclesiae,
961 3231 995 3288 et
1019 3219 1106 3288 alias
1135 3214 1302 3289 honestas
1490 3247 1587 3303 Manlii
1602 3249 1702 3325 qm„
1720 3275 1747 3326 P·
1759 3256 1811 3312 375
1828 3276 1870 3329 ,sp

311 3335 423 3405 artes,
449 3330 483 3388 et
505 3314 622 3387 adhuc
645 3342 729 3403 oro,
753 3332 794 3389 ut
809 3346 866 3390 me
887 3344 1025 3412 semper
1046 3321 1151 3390 faciat
1172 3325 1302 3400 σκεῦος
1624 3406 1631 3423 .
2036 3413 2043 3431 .

314 3418 452 3505 ἐλέους,
488 3442 552 3488 nec
575 3421 668 3488 sinat
691 3443 748 3486 me
770 3421 847 3489 fieri
872 3426 1001 3502 σκεῦος
1027 3419 1152 3521 ὀργῆς,
1202 3420 1300 3491 Bene
1358 3396 1580 3474 Venerando
1594 3432 1687 3492 vero,
1711 3419 1772 3485 etc.
1786 3407 1842 3487 D.
1867 3407 2071 3531 Georgzo
2097 3408 2351 3494 Bushhol·

312 3524 402 3597 vale.
453 3517 650 3612 Epistulam
682 3513 727 3593 V
723 3518 770 3587 io·
795 3536 830 3592 ct
859 3520 1012 3615 hymnos
1043 3526 1202 3610 remitt03
1238 3520 1303 3593 hos
1668 3534 1790 3595 zero,
1816 3539 2027 3602 amicosne,

314 3627 390 3717 ipse
403 3623 563 3694 editurus
578 3646 694 3707 eram,
717 3624 776 3691 sed
795 3623 878 3717 quia
895 3624 1023 3714 repetis
1041 3626 1133 3695 misi.
1168 3624 1301 3696 lterum
1354 3614 1402 3704 S.
1427 3630 1472 3706 D,
1531 3637 1743 3712 venerande
1783 3644 1856 3730 vir,
1903 3660 1937 3717 01
1977 3648 2091 3720 amice
2133 3648 2350 3730 charissime,

313 3728 403 3800 vale.
453 3721 522 3795 Die
538 3721 654 3793 Lucae
672 3721 788 3799 1646.
1355 3732 1526 3831 Exempla
1551 3744 1747 3813 carminum
1772 3743 1875 3842 filiif)
1904 3750 2005 3818 vobis
2036 3753 2160 3825 mitto:
2194 3783 2285 3850 quae
2305 3759 2350 3826 li-

416 3842 576 3927 suadeo,
599 3865 645 3910 ne
665 3842 781 3933 litiges
801 3868 880 3914 cum
901 3838 944 3914 V
940 3841 1006 3928 ito,
1031 3845 1092 3912 sed
1115 3846 1305 3936 abrumpas
1358 3839 1482 3910 beuter
1500 3843 1557 3910 edi
1572 3847 1713 3930 curavi,
1739 3862 1778 3917 ut
1793 3844 1859 3919 hac
1882 3850 2086 3924 celebritate
2109 3857 2201 3926 filius
2217 3859 2347 3927 iuvita-

416 3956 527 4011 totam
558 3938 650 4011 hanc
676 3945 973 4035 disputationem,
1007 3947 1088 4039 quia
1110 3944 1208 4016 Deus
1229 3972 1304 4016 eam
1357 3958 1472 4027 retur,
1496 3958 1537 4013 ut
1558 3938 1643 4015 haec
1670 3950 1785 4018 studia
1807 3965 1841 4020 et
1860 3954 1969 4042 magis
1991 3970 2105 4041 amet,
2128 3973 2162 4028 et
2175 3960 2346 4032 libentius

415 4042 637 4114 diiudicabit.
1358 4058 1525 4114 exerceat.
1576 4044 1714 4117 Deinde
1737 4051 1838 4119 vobis
1859 4054 1963 4122 etiam
1990 4057 2168 4147 voluptati
2191 4086 2265 4132 esse
2283 4064 2343 4130 lilii

1358 4144 1538 4230 indolem,
1572 4162 1606 4217 et
1629 4150 1760 4220 iudicia
1781 4155 1826 4221 de
1855 4179 1895 4223 eo
1917 4152 2112 4229 honorifica
2134 4162 2233 4233 volo.
2278 4162 2342 4233 Dei

1241 4251 1289 4280 ‘²‘
1358 4247 1545 4331 beneficio,
1570 4275 1659 4318 vena
1682 4266 1733 4322 est
1755 4256 1838 4324 satis
1858 4258 1983 4326 foelix:
2007 4283 2047 4329 ac
2067 4264 2176 4332 valde
2198 4266 2342 4357 optarim

315 4356 509 4435 Nessus.
1158 4380 1218 4440 ρο,
1233 4370 1305 4435 001,
1358 4349 1391 4415 ei
1425 4350 1576 4439 proponi
1609 4354 1792 4439 materias,
1826 4382 1915 4450 quae
1947 4360 2133 4449 gignerent
2166 4369 2345 4461 aliquanto

289 4456 494 4487 -w-
1162 4464 1303 4513 Μ.
1356 4451 1563 4537 grandiores
1586 4477 1717 4549 versus.
1777 4451 1932 4529 Oremus
1957 4475 2073 4531 autem
2095 4463 2218 4538 Deum
2242 4484 2345 4541 aeter-

578 4555 778 4674 Georgl'ff
790 4557 1051 4645 Anhaltino,
1357 4575 1443 4619 num
1461 4566 1596 4642 patrem
1611 4553 1758 4625 Domini
1781 4563 1893 4629 nostri
1910 4560 1988 4630 lesu
2004 4560 2157 4652 Christi,
2184 4574 2342 4644 condito.

1357 4677 1431 4721 rem
1457 4656 1593 4744 generis
1615 4652 1781 4739 humaui,
1807 4676 1842 4730 et
1858 4660 2037 4736 Ecclesiae
2059 4690 2163 4754 suae,
2191 4689 2235 4745 nt
2256 4687 2343 4765 regat

385 4736 471 4857 Eplii'
498 4733 528 4789 5¹¹
552 4738 599 4820 tlt.
620 4738 656 4797 ¹¹·
679 4757 705 4809 P·
725 4741 787 4795 ²22·
813 4742 894 4808 (edit.
918 4743 1008 4826 nond.
1033 4743 1067 4798 ¹¹·
1092 4762 1136 4815 ep.
1158 4744 1218 4797 216.
1227 4747 1246 4810 l·
1261 4776 1305 4825 .··
1356 4754 1550 4824 multorum
1567 4757 1720 4846 ingenia,
1746 4774 1786 4829 ut
1801 4762 1887 4832 fiant
1905 4763 2078 4865 συνεργοὶ
2094 4770 2213 4859 θεοῦ,
2242 4791 2343 4847 etor-

446 4823 498 4859 anc
527 4804 667 4877 epistolam
691 4828 764 4862 anno
791 4813 866 4866 1545.
889 4822 1017 4882 scriptam
1043 4832 1100 4866 esre
1123 4815 1202 4866 docet
1226 4832 1240 4865 e
1261 4822 1304 4867 ut.

319 4242 837 4254 ....--—-=----—----—-——--—--

418 4873 528 4928 turbari
555 4874 587 4927 ,d
612 4874 837 4932 hurerbaettum
863 4883 891 4935 d,
911 4884 951 4934 19.
972 4881 1037 4936 oet.
1059 4882 1086 4936 g,
1108 4902 1133 4936 ο,
1159 4833 1304 4953 (mdia,
1355 4878 1445 4943 gana
1462 4858 1628 4927 salutaria
1645 4856 1834 4937 Ecclesiae.
1884 4863 2011 4938 Nescio
2032 4873 2127 4939 unde
2143 4874 2194 4944 sit
2210 4891 2343 4950 tantum

415 4942 513 4998 Weu.
530 4942 565 4996 T.
583 4944 615 4999 v.
624 4960 657 5016 p.
672 4945 758 5011 Μ).
1225 4995 1231 5002 -
1355 4957 1478 5025 odium
1500 4960 1667 5029 adversus
1689 4986 1746 5033 me
1765 4965 1803 5033 iu
1823 4969 1999 5039 veteribus
2017 4973 2238 5065 quibusdam
2260 4981 2342 5050 arni·

452 5093 496 5166 D
530 5090 735 5193 Georgia
761 5091 932 5196 principi
954 5098 993 5169 in
1019 5094 1165 5169 Mal,
1354 5054 1461 5153 cis²),
1491 5085 1570 5130 cum
1587 5063 1654 5152 ipsi
1674 5065 1788 5136 scia'nt
1802 5068 1941 5137 nullum
1958 5095 2094 5142 novum
2111 5079 2344 5168 dogmaume

1353 5162 1511 5249 genitum
1536 5187 1625 5244 esse,
1661 5178 1695 5235 et
1721 5167 1759 5235 in
1784 5170 1996 5261 quibusdam
2020 5178 2201 5250 mediocri
2229 5184 2340 5254 studio

312 5214 361 5307 S·
377 5231 423 5307 D.
475 5231 714 5305 illustrissime
737 5249 772 5308 el
792 5235 1100 5309 ReveressdiSSime
1121 5237 1301 5331 Princeps,
1352 5265 1546 5355 quaesitam
1570 5288 1642 5334 esse
1664 5292 1781 5336 veram
1805 5287 1837 5342 et
1858 5273 2038 5364 propriam
2054 5282 2342 5369 explicationem:

313 5333 369 5406 De
385 5336 525 5427 publica
543 5338 766 5409 absolutione
788 5338 953 5408 collocuti
970 5363 1091 5410 sumus
1105 5338 1150 5416 D.
1165 5338 1300 5427 Doctor
1350 5387 1456 5455 quam
1480 5367 1544 5435 diu
1567 5361 1672 5437 etiam
1694 5364 1749 5439 his
1765 5366 1933 5449 Ecclesiis
1946 5378 1991 5444 ad
2014 5384 2250 5457 concordiam
2264 5412 2345 5481 pro-

248 5458 255 5465 ·
314 5430 518 5533 Georgius,
549 5451 583 5508 et
606 5462 681 5529 ego.
731 5436 785 5511 Ac
810 5440 934 5510 utilius
958 5442 1073 5510 visum
1096 5458 1164 5528 est,
1197 5467 1298 5536 saepe
1348 5465 1455 5536 fuisse
1486 5483 1762 5541 consentaneum
1784 5488 1857 5562 ,0⁸1⁴
1913 5475 1986 5547 sed
2006 5477 2214 5558 Ecclesiam
2238 5505 2274 5563 et
2292 5514 2346 5561 me

312 5533 449 5610 hortari
462 5541 659 5624 auditores,
683 5554 724 5611 ut
744 5542 916 5632 privatam
933 5556 1064 5633 petant.
1116 5543 1296 5635 Scriptum

311 5653 363 5709 est
384 5640 499 5725 enim,
524 5637 572 5709 Si
595 5648 706 5737 petet,
732 5640 869 5712 remitte
890 5641 933 5717 ei.
991 5642 1045 5714 Ac
1062 5638 1294 5739 Noribergae
1347 5663 1553 5737 *⁴5⁸*

309 5740 466 5811 vidimus
492 5742 708 5835 exemplum3
741 5744 925 5835 pauciores
955 5759 1081 5837 petunt
1107 5748 1292 5838 privatam,
1381 5777 1724 5843 1)N„r,3„1,1„1„„‚

309 5864 391 5913 cnm
406 5842 573 5913 recitetur
585 5845 738 5936 publica.
787 5843 859 5917 Sed
874 5847 919 5916 de
940 5841 1006 5918 hac
1022 5860 1095 5919 tota
1108 5873 1147 5919 re
1160 5849 1292 5921 ‘iterum
1377 5878 1407 5947 2)
1426 5877 1534 5935 telesia.
