5325 6917
389 600 490 700 ece
971 615 1410 744 netsrontnun
1459 621 1570 703 nin.
1595 625 1660 709 1x.
1712 628 1845 715 aare.

404 793 472 868 No.
486 789 599 868 2948.
1205 797 1369 868 estius
1435 795 1502 871 No.
1519 796 1633 877 2949.

397 890 611 929 Μ
1206 889 1615 933 “ww

755 990 792 1077 Ι.
828 985 1025 1101 Stigelio.
1788 1002 1838 1088 Ε
1863 1003 2072 1114 Myconio.

461 1152 569 1228 segetis
582 1151 678 1226 point.
695 1149 729 1207 T.
739 1150 788 1208 lll.
806 1151 898 1210 Dens.
916 1170 960 1224 ep.
976 1154 1018 1208 10.
1035 1150 1098 1209 cod.
1112 1151 1197 1216 Goth.
1213 1154 1273 1213 188.
1287 1155 1385 1230 epit.
1539 1156 1560 1225 ᾧ
1578 1154 1602 1211 Ε
1619 1156 1729 1216 collect.
1747 1158 1875 1219 Ballenst.
1895 1165 1927 1221 V.
1944 1166 1966 1219 l.
1985 1175 2014 1241 p,
2028 1169 2085 1223 161.

394 1290 620 1387 Clarissimo
633 1304 730 1394 ciro,
747 1301 950 1378 eruditione
972 1313 1004 1376 et
1020 1304 1150 1378 virtute
1162 1307 1386 1405 praestanti,
1437 1287 1661 1381 clarissim
1683 1301 1760 1374 vim
1780 1300 1981 1379 crudiliont
2006 1317 2039 1379 02
2062 1308 2196 1406 Pleiai&
2220 1318 2432 1409 praestanti

394 1407 449 1487 D.
464 1408 494 1481 l
499 1406 643 1483 oanni
654 1404 881 1503 Stigelio,
905 1401 1120 1506 Professori
1134 1404 1387 1503 lingnaelio-
1436 1393 1493 1478 Da
1516 1392 1770 1475 Fridtrl'w
1791 1399 2038 1503 My⁶⁰nl⁰s
2064 1406 2219 1484 P⁰Sl⁰rl
2237 1412 2429 1491 Ecclesiae

396 1512 561 1586 tinuerit
579 1505 781 1583 Academia
804 1507 1140 1604 Wittenbergensi,
1165 1510 1286 1584 amico
1306 1536 1386 1600 suo,
1589 1496 1807 1591 Gaianae,
1832 1508 1952 1581 amico
1978 1536 2047 1582 ⁸11⁰
2074 1513 2287 1606 carlsst'mo,

830 1607 873 1687 S·
895 1608 950 1681 D·
1436 1613 1483 1706 S·
1499 1637 1546 1716 D.
1597 1639 1651 1713 De
1674 1658 1852 1716 conventu
1874 1672 1929 1718 res
1950 1648 2057 1739 digna
2080 1666 2275 1723 memoratu
2296 1656 2341 1724 ad
2365 1680 2424 1727 me

396 1731 719 1823 Denmaeternum
730 1742 874 1815 Patrem
889 1740 1037 1813 Domini
1052 1742 1166 1814 nostri
1183 1741 1264 1816 Iesu
1277 1736 1387 1818 Chri·
1437 1742 1567 1833 scripta
1607 1758 1676 1829 est,
1718 1746 1880 1817 futurum
1912 1749 2024 1819 alium
2058 1767 2269 1824 conventum
2303 1780 2435 1826 mense*

397 1854 444 1926 sti
457 1870 541 1936 oro,
564 1848 784 1920 conditorem
801 1843 977 1916 societatis
995 1839 1189 1931 humanae,
1215 1861 1249 1918 et
1263 1860 1387 1918 aucto-
1437 1833 1606 1923 Octobri,
1645 1844 1684 1913 in
1705 1872 1775 1939 (1¹10
1797 1848 1876 1917 vult
1898 1840 2061 1920 Carolus
2085 1850 2278 1945 ῙῐῦΡθΐᾶῑθῑ
2300 1857 2423 1947 perfici

397 1978 475 2026 mm
488 1948 716 2022 admirandae
738 1946 1008 2040 procreationis,
1033 1969 1104 2039 qua
1118 1949 1216 2019 nasci
1233 1947 1385 2041 vultlae.
1436 1939 1621 2015 inchoatas
1642 1946 1847 2036 dogmatum
1870 1951 2154 2037 conciliationes‚
2178 1971 2238 2027 aut
2257 1960 2423 2047 pronun-

277 2105 280 2114 ·
397 2072 536 2130 ternam
549 2048 762 2129 Ecclesiam,
786 2063 827 2119 ut
843 2061 906 2119 tuo
929 2048 1092 2138 coniugio
1107 2050 1240 2136 faveat,
1259 2050 1328 2119 tibi
1350 2064 1386 2121 et
1437 2045 1588 2116 tiaturus
1603 2060 1655 2118 est
1668 2047 1761 2137 ipse,
1786 2050 1873 2143 quid
1888 2054 1931 2121 de
1946 2052 2116 2143 religione
2128 2052 2324 2127 Germanos
2339 2082 2420 2129 sen-

398 2155 541 2246 coniugi
555 2167 636 2223 tuae
653 2146 920 2220 *honestissimae
935 2149 1046 2235 adsit,
1068 2172 1130 2219 vos
1145 2165 1241 2241 regat
1262 2165 1297 2222 et
1309 2175 1385 2221 ser-
1437 2146 1615 2222 tirevelit.
1666 2145 1782 2219 Audis
1801 2175 1933 2223 novum
1949 2165 1983 2245 et
1999 2155 2210 2225 inusitatum
2225 2161 2422 2250 exemplum

397 2273 458 2331 vet
478 2272 512 2328 et
531 2267 672 2348 pectora
686 2265 801 2321 vestra
822 2263 1008 2321 connectat
1020 2273 1102 2319 vera
1119 2264 1152 2321 et
1167 2266 1310 2322 aeterna
1321 2254 1386 2323 be-
1436 2248 1702 2319 diiudicationis
1744 2253 2064 2324 controversiarum
2101 2252 2290 2332 Ecclesiae.
2354 2260 2425 2331 Sed

397 2356 618 2442 nevolentia,
649 2378 720 2448 qua
742 2352 914 2423 fruamini
933 2352 1017 2421 laeti
1039 2376 1080 2422 ac
1102 2354 1308 2448 tranquilli,
1344 2355 1385 2422 in
1436 2346 1551 2433 Deum
1583 2373 1743 2432 oremus,
1780 2366 1823 2423 ut
1852 2351 2028 2426 Ecclesiae
2059 2380 2139 2428 suas
2165 2375 2262 2451 regat
2295 2373 2340 2433 et‘
2363 2363 2425 2433 de-

376 2460 466 2535 'ltac
480 2461 574 2545 vita,
596 2456 686 2528 etin
706 2455 859 2529 coelesti.
909 2450 1042 2542 Magna
1064 2467 1148 2524 sunt
1168 2456 1385 2547 praesentiae
1435 2450 1568 2523 tendat.
2110 2510 2127 2532 ,

396 2562 468 2637 Dei
479 2558 682 2633 testimonia
704 2558 744 2625 in
759 2552 827 2627 hoc
839 2555 933 2624 vitae
947 2577 1091 2643 genere,
1118 2579 1207 2646 quae
1222 2556 1386 2626 conside·
1537 2547 1750 2623 Confirmari
1775 2578 1896 2627 vocem
1921 2571 2017 2629 tuam
2042 2561 2195 2648 gaudeo,
2220 2577 2326 2658 teque
2351 2588 2427 2634 ma-

398 2687 483 2737 rans
504 2660 615 2750 magis
640 2680 757 2728 amare
779 2651 848 2725 hoc
868 2656 984 2744 ipsum
1001 2654 1092 2725 vitae
1107 2679 1216 2745 genus
1239 2671 1274 2728 et
1298 2681 1386 2728 con·
1437 2674 1592 2745 gnopere
1607 2678 1689 2740 oro,
1716 2669 1755 2726 ut
1770 2656 1914 2726 dicendi
1929 2661 2193 2731 contentionem
2211 2666 2316 2751 vites,
2334 2691 2425 2759 qnae

398 2768 516 2857 iugem
533 2759 692 2831 debebis.
726 2755 820 2826 'Nisi
840 2779 897 2824 me
912 2754 1070 2848 Respuh.
1087 2758 1186 2826 domi
1208 2758 1387 2843 retinebit,
1438 2766 1474 2824 et
1494 2755 1701 2845 pulmonem
1725 2770 1760 2827 et
1773 2754 1949 2828 tracheam
1966 2762 2130 2831 arteriam
2146 2766 2306 2841 desiccat.
2361 2766 2425 2836 Vi-

397 2867 540 2940 veniam
560 2863 606 2933 ad
627 2858 795 2951 Nuptiale
820 2880 979 2942 sacrum,
1009 2870 1047 2926 et
1067 2859 1223 2927 adieram
1247 2853 1387 2929 Acade-
1437 2856 1515 2940 des,
1541 2858 1693 2949 quietem
1717 2852 1886 2930 hactenus
1908 2860 1974 2929 tibi
1987 2863 2178 2952 profuisse,
2201 2879 2234 2937 et
2255 2868 2423 2957 profatu.

346 2999 350 3005 ’
396 2957 490 3040 miae
503 2985 645 3035 munus.
688 2959 792 3029 Nunc
806 2980 889 3027 vero
906 2957 1009 3028 mitto
1026 2958 1092 3028 tibi
1108 2958 1236 3048 viginti
1251 2984 1386 3046 aureos,
1437 2978 1517 3026 rum
1532 2957 1697 3048 deinceps
1713 2982 1826 3050 spero.
1875 2957 2140 3053 Propositioncs
2156 2967 2333 3056 proximae
2348 2970 2425 3040 dis-

398 3056 558 3162 acceptos
577 3089 599 3135 a
621 3074 751 3133 nostro·
767 3071 950 3153 quaestore
977 3054 1123 3129 Ioanne
1141 3054 1294 3149 Rhose,
1331 3075 1386 3132 te-
1435 3055 1676 3151 putationis*)
1702 3058 1769 3129 tibi
1792 3060 1913 3147 mitto,
1937 3065 2298 3157 quarumjlectionem
2321 3094 2425 3162 spero

399 3195 469 3270 que
488 3190 596 3261 rogo,
626 3176 668 3235 ut
695 3157 785 3231 mihi
807 3184 914 3255 quam
936 3161 1094 3252 primum
1115 3161 1306 3251 significes,
1337 3186 1384 3233 an
1429 3157 1503 3228 tibi
1517 3158 1643 3228 maiori
1655 3159 1830 3253 voluptati
1850 3162 1944 3244 fore,
1971 3189 2077 3257 qnam
2099 3167 2246 3239 fabellas
2268 3196 2425 3243 couven-

397 3272 549 3346 nuntius
572 3266 723 3336 fideliter
741 3261 947 3333 reddiderit.
996 3259 1051 3348 De
1068 3262 1280 3354 collegarum
1303 3287 1384 3354 erga
1435 3271 1504 3336 tus.
1551 3256 1650 3331 Bene
1665 3260 1756 3336 vale.
1778 3260 1886 3337 dat.
1901 3263 2003 3335 Maii.

397 3355 442 3448 te
452 3366 697 3442 voluntatibus
718 3364 910 3435 sciscitatus
928 3384 1007 3432 sum
1029 3363 1237 3453 diligenter,
1262 3388 1303 3436 ac
1324 3366 1384 3434 in·
1891 3360 2080 3461 Philippus
2098 3367 2370 3446 Melanchthon.

396 3472 534 3557 venio,
554 3479 667 3538 totam
696 3463 797 3531 illam
815 3462 974 3532 fabulam
996 3467 1273 3537 commentitiam
1299 3489 1383 3541 esse.
1877 3496 1882 3527 ι

308 3558 317 3569 ’
398 3573 536 3649 Omnes
557 3571 602 3637 de
624 3580 678 3655 te,
704 3564 801 3658 quod
823 3558 914 3631 mihi
931 3586 1011 3632 vere
1031 3565 1221 3638 affirmanti
1242 3568 1384 3639 credere

395 3690 515 3772 potes,
539 3680 700 3741 amanter
716 3678 756 3747 et
772 3659 966 3733 honorilice
988 3666 1156 3740 sentiunt.
1213 3666 1262 3739 Et
1287 3694 1384 3740 nunc

396 3779 542 3875 quidem
567 3771 607 3839 in
623 3782 698 3840 toto
718 3778 839 3836 nostro
856 3776 958 3835 coetu
970 3766 1149 3835 neminem
1165 3791 1237 3838 esse
1254 3772 1384 3858 indico,
1435 3744 1628 3873 Q·
2260 3771 2318 3831 29·
2332 3763 2416 3828 listi.

396 3880 456 3953 cui
471 3872 663 3949 discordias
678 3881 740 3940 aut
752 3866 898 3937 dissidia
911 3890 1026 3937 serere
1042 3867 1160 3942 libeat.
1200 3868 1273 3941 Nec
1286 3886 1385 3962 puto,
2244 3852 2417 3887 w*

395 3981 529 4055 aulicos
543 3971 698 4067 nuptiali
711 3985 772 4041 tuo
791 3969 944 4061 tempori
957 3964 1187 4057 stomachari,
1205 3975 1301 4067 qnod
1316 3974 1384 4045 ali·
1703 3943 1853 4059 Georg.
1882 3947 2156 4057 Jfflltalskio.

397 4080 604 4180 quantisper
619 4072 732 4156 absis,
744 4070 951 4161 praesertim
965 4094 1046 4140 cnm
1061 4073 1205 4157 norint,
1229 4099 1307 4161 eos,
1320 4075 1384 4169 qui

396 4185 533 4263 adsint,
560 4176 774 4246 mediocrem
802 4167 1042 4242 assiduitatem
1065 4186 1251 4263 praestare.
1309 4175 1383 4246 Nec

396 4285 520 4357 aulicis
546 4275 707 4354 iudiciis,
745 4273 807 4342 sed
833 4296 914 4342 vera
940 4274 1078 4343 ratione
1108 4275 1297 4346 metiamur
1330 4301 1383 4362 ea,
1434 4272 1592 4349 Illustri
1615 4286 1646 4348 et
1672 4273 1882 4374 Magnifice
1909 4261 2190 4369 viro,‘Domino
2217 4286 2424 4392 Georgia

275 4444 280 4452 ,
397 4384 649 4481 quaeagimus.
687 4372 765 4465 Ego
780 4374 940 4460 fideliter,
964 4375 1027 4446 ubi
1041 4390 1177 4466 potero,
1200 4377 1383 4464 obsistam,
1452 4373 1734 4478 Iiylhalslcy
1761 4372 1981 4453 Castellano
2008 4381 2225 4481 Laudensi,
2248 4408 2410 4493 patrono

395 4510 443 4555 ne
457 4487 552 4556 ullae
573 4482 668 4549 inter
685 4500 753 4546 nos
767 4476 962 4546 discordiae
979 4477 1193 4563 excitentur,
1214 4503 1254 4549 ac
1275 4480 1382 4551 inisse
1802 4508 1870 4555 suo
1895 4482 2054 4565 colendo.

397 4608 478 4655 mea
494 4580 641 4653 consilia
649 4600 801 4668 semper,
816 4602 896 4646 curn
915 4578 955 4645 in
971 4572 1101 4662 schola,
1115 4593 1189 4650 tum
1206 4581 1246 4648 in
1258 4578 1383 4652 Eccle-

397 4686 472 4771 eiis,
487 4669 778 4775 συμβιβάστικα,
795 4677 900 4746 multi
913 4678 1069 4748 iudicare
1085 4693 1240 4769 possunt.
1266 4679 1382 4752 Deum

397 4812 479 4872 oro,
504 4798 544 4857 ut
561 4788 696 4850 mentes
712 4788 746 4845 et
762 4777 879 4846 studia
900 4793 1020 4850 nostra
1036 4782 1207 4868 gubernet
1220 4783 1265 4851 ad
1284 4807 1383 4852 com-

395 4880 542 4961 munem
556 4882 717 4955 salutem.
765 4873 863 4945 Bene
878 4879 968 4953 vale.
990 4880 1049 4949 die
1062 4877 1125 4970 ι24.
1143 4880 1235 4951 Maii
1253 4880 1362 4955 1544.

372 5011 374 5013 ·
877 4975 1066 5072 Philippus
1082 4978 1307 5054 'Melanthom

1470 4162 1476 4170 .
1504 4128 1525 4191 †
1542 4123 1580 4177 Er
1592 4124 1747 4198 apographo
1767 4126 1798 4182 ln
1808 4126 1872 4182 cod.
1884 4127 1996 4185 Monac.
2010 4131 2053 4185 ts.
2072 4151 2120 4187 no·
2133 4133 2180 4189 tv.
2193 4152 2220 4207 p.
2238 4135 2318 4191 stab.

1433 4588 1480 4681 S·
1506 4606 1551 4683 D.
1604 4608 1758 4680 Illustris
1779 4626 1813 4681 et
1833 4617 2015 4704 magnifice
2037 4620 2193 4696 domine.
2251 4623 2335 4697 Non
2355 4632 2425 4703 du-

1433 4711 1528 4790 bito,
1551 4711 1639 4802 quin
1653 4735 1717 4802 pro
1740 4725 1800 4781 tua
1818 4717 2005 4803 prudentia
2022 4719 2116 4790 inter
2132 4738 2283 4797 caeteras
2301 4733 2422 4822 reipu-
2442 4717 2449 4726 ⁴

1434 4812 1548 4881 blicae
1561 4824 1675 4902 partes
1689 4811 1793 4881 etiam
1808 4815 1924 4885 studia
1941 4818 2133 4893 iuventutis
2154 4829 2283 4896 tuenda
2303 4843 2336 4900 et
2360 4858 2423 4903 or-

1434 4913 1552 4981 nanda
1573 4913 1669 4981 hono
1692 4913 1921 5001 gubernatori
1935 4933 2077 4994 statuas.
2129 4923 2249 5014 Quare
2271 4938 2425 5022 speravi,

1435 5026 1469 5084 te
1483 5036 1558 5081 non
1572 5015 1745 5102 gravatim
1761 5018 1965 5089 auditurum
1981 5046 2053 5092 esse
2066 5050 2203 5096 causam
2216 5032 2424 5108 adolescen-

495 5132 750 5209 Pudidssime
766 5126 1333 5232 Sponmfflaris&vffipoannis
1435 5113 1482 5220 tis
1496 5106 1716 5199 Maeandri,
1739 5118 1838 5188 cuius
1859 5124 1975 5192 studia
1997 5150 2075 5195 cum
2091 5125 2425 5210 Reverendissimus

853 5230 1004 5322 stigeffi·
1322 5302 1325 5316 Ι
1434 5210 1633 5309 Episcopus
1653 5214 1904 5292 Posnaniensis
1922 5238 2014 5294 certa
2038 5229 2209 5318 pensione
2234 5236 2423 5327 adiuverit,

519 5352 702 5433 Coniugium
721 5358 856 5413 vestrum
878 5347 918 5411 sit
939 5347 1016 5410 ielix
1036 5348 1158 5412 numine
1181 5347 1312 5432 Christi,
1435 5340 1532 5388 nunc
1551 5320 1595 5389 de
1616 5320 1755 5390 d⁰ml¹¹i
1778 5324 1977 5415 Pr⁰mi⁵⁸l⁵2
1998 5343 2186 5424 P⁰⁵lq¹¹³¹¹²
2207 5333 2312 5407 illum
2325 5337 2423 5413 Deus

424 5497 426 5504 ,
520 5438 614 5517 Inque
635 5438 700 5499 Deo
721 5436 762 5497 sit
782 5453 868 5498 mens
889 5452 969 5515 rua,
999 5433 1138 5499 situnne
1160 5452 1284 5499 amor..
1321 5500 1324 5506 ,

447 5540 637 5644 Philippus
653 5554 750 5634 optat
761 5540 838 5610 viro
861 5541 1015 5632 optimo,
1041 5554 1076 5610 et
1090 5538 1221 5611 Poetae
1236 5543 1384 5632 optimo,

495 5644 624 5717 loanni
635 5641 803 5733 Stigelio,
817 5654 854 5711 et
867 5642 1116 5734 pudicissimae
1124 5640 1281 5735 Sponsae
1296 5643 1384 5731 eius,
1467 5629 2045 5757 *Jssgffimfifigw‘rlffffloffili0d0ffl'
2066 5642 2208 5724 fabriciu·
2225 5658 2252 5704 ‘¹
2273 5650 2423 5740 sl'ffi’ht‘

1910 5723 1970 5777 grae
1989 5713 2231 5774 renunciabantnr.
2266 5720 2331 5777 Vrd.
2345 5725 2422 5783 sm.

496 5742 814 5834 telixconiugium.
1501 5778 1548 5839 po
1563 5768 1638 5840 pust
1651 5769 1736 5827 aaa.
1749 5769 1769 5825 t.
1782 5790 1809 5843 ρ.
1823 5771 1890 5828 sss.
1917 5841 1922 5845 q
