5325 6917
824 798 973 872 779

1982 784 2843 864 EPISTULARUM

831 983 1103 1043 vestrae
1154 963 1603 1037 dulcissimae
1643 963 1949 1056 nuptiis,
1998 976 2082 1033 ut
2122 988 2277 1033 eam
2309 976 2505 1052 regat
2533 985 2611 1031 ac
2640 983 2815 1030 con-

833 1084 1096 1156 servet,
1143 1084 1225 1140 ut
1267 1069 1345 1137 in
1392 1066 1722 1157 coniugio
1770 1066 2157 1159 tranquillo
2194 1079 2263 1135 et
2291 1065 2478 1134 felici
2513 1063 2818 1134 celebret

837 1190 908 1247 et
949 1176 1229 1244 invocet
1258 1167 1529 1253 Deum,
1579 1182 1648 1239 et
1684 1169 1748 1238 ei
1790 1170 2108 1238 membra
2139 1167 2496 1238 Ecclesiae
2540 1167 2816 1235 educet.
2865 1191 2866 1196 ¹

836 1275 1092 1349 Amen.
1194 1271 1385 1341 Haec
1437 1294 1592 1340 mea
1643 1283 1804 1341 vota
1857 1294 2129 1362 semper
2191 1283 2399 1339 erunt
2454 1269 2642 1359 apud
2695 1288 2820 1334 ve-

837 1394 1017 1450 stras
1034 1375 1133 1472 ('?)
1147 1368 1220 1469 1“““)
1240 1430 1260 1459 ,
1306 1374 1425 1442 sed
1458 1375 1545 1442 de
1572 1397 1684 1441 me
1720 1374 1874 1464 ipso
1902 1374 2224 1465 polliceri
2253 1384 2442 1441 certo
2479 1394 2627 1440 non
2654 1390 2822 1456 pos-

707 1485 716 1490 “
836 1505 1031 1560 sum,
1106 1502 1198 1547 an
1247 1476 1552 1568 nuptiali
1598 1499 1899 1567 pompae
1942 1477 2180 1544 adesse
2228 1473 2513 1565 possim.
2613 1467 2823 1542 Reti-

835 1606 1016 1652 neor
1083 1581 1272 1648 enim
1327 1578 1756 1668 reipublicae
1803 1592 2086 1647 nostrae
2132 1576 2454 1665 negotiiS.
2571 1570 2823 1640 Valete

834 1684 1156 1755 feliciter.
1256 1678 1419 1753 Dat.
1451 1678 1918 1770 Witebergae
1953 1679 2076 1755 28.
2109 1677 2268 1752 Iun.
2313 1702 2503 1747 anno
2553 1670 2774 1748 1545.

836 2024 973 2097 No.
1007 2021 1230 2095 5207.

2470 2103 2816 2135 m

1610 2201 1690 2302 I.
1747 2199 2062 2284 Mento·

976 2377 1016 2444 -Ι-
1055 2370 1132 2424 Ex
1158 2364 1492 2449 autographo
1514 2365 1914 2448 Melanthoniq
1951 2361 2084 2418 mibi
2109 2361 2273 2414 misso
2301 2377 2330 2413 a
2358 2355 2580 2413 Clau-iss.
2597 2354 2830 2424 Meyer-

1045 2440 1187 2509 boff,
1223 2436 1583 2493 Berohnensu.

840 2580 1289 2658 Clarissimo
1341 2575 1495 2646 viro
1538 2569 1941 2644 eruditione
1985 2580 2046 2641 et
2106 2570 2362 2638 virtute
2415 2563 2841 2664 praestanti

839 2684 949 2757 D.
1002 2681 1275 2753 Iusto
1326 2674 1442 2748 M
1447 2675 1650 2745 enio
1697 2669 2006 2744 Pastori
2068 2668 2448 2741 Ecclesiae
2486 2662 2837 2737 ‘Isenna-

1329 2776 1559 2849 censis
1614 2776 1853 2847 amico
1902 2799 2039 2846 suo
2092 2772 2348 2843 carisa

843 2901 931 2991 S.
985 2918 1078 2993 D.
1184 2914 1561 2988 Carissime
1603 2914 1673 2986 d.
1721 2908 1950 2984 Iuste.
2054 2908 2235 3001 Sepe
2276 2909 2364 2976 de
2405 2905 2583 2975 meis
2624 2902 2838 2972 mise-

842 3026 973 3096 riis
997 3021 1344 3111 cogitans,
1397 3031 1636 3107 repeto
1671 3016 1993 3084 omnium
2040 3024 2348 3082 aetatum
2391 3004 2728 3078 historias
2769 3017 2837 3074 et

846 3126 1185 3216 exempla.
1302 3117 1673 3207 Quantum
1739 3119 2059 3186 dolorem
2117 3113 2366 3205 primis
2420 3107 2837 3200 parentibus

846 3226 1085 3299 attulit
1127 3224 1328 3292 furor
1365 3217 1581 3302 Cain,
1631 3215 1896 3287 Davidi
1940 3212 2359 3298 Absalonis,
2404 3208 2594 3304 Cyro
2624 3206 2840 3278 Cam-

846 3327 1084 3421 bysis,
1150 3317 1526 3391 Artaxerxi
1575 3314 1815 3389 Ochi?
1917 3313 2403 3407 Agnoscamus
2445 3313 2662 3402 igitur
2706 3330 2839 3377 nos
2885 3323 2886 3329 ’

850 3424 1179 3498 homines
1225 3443 1410 3504 esse,
1460 3442 1726 3489 mersos
1768 3420 1846 3488 in
1886 3433 2250 3512 peccatum
2289 3432 2354 3487 et
2388 3414 2617 3486 varias
2651 3413 2841 3481 cala-

850 3529 1167 3611 mitates,
1240 3535 1312 3593 et
1359 3536 1676 3613 petamus
1717 3522 2062 3591 auxilium
2106 3545 2145 3589 a
2190 3520 2338 3587 filio
2385 3517 2500 3587 dei
2544 3514 2837 3584 domino

852 3643 1098 3703 nostro
1154 3627 1319 3697 Iesu
1369 3620 1680 3697 Christo.
1794 3619 1904 3692 De
1969 3621 2118 3690 filio
2179 3636 2303 3691 tuo
2361 3614 2596 3690 adbuc
2661 3618 2842 3687 benc
2899 3634 2900 3637 ’

1188 3728 1330 3801 Se‘d
1371 3727 1432 3796 si
1477 3741 1581 3796 est
1628 3749 1793 3795 vere
1820 3723 2088 3795 Martia
2131 3736 2421 3807 natura,
2470 3744 2619 3789 non
2650 3742 2845 3789 acer·
2892 3772 2895 3778 A

979 3757 1084 3805 ro.

855 3758 1560 3953 {gggpqggxemus
1637 3827 1882 3923 Itaque
1913 3827 2200 3918 genesin
2231 3820 2414 3894 mihi
2444 3822 2633 3892 mitti
2660 3821 2848 3892 volu.

1325 3932 1390 3950 ...
1459 3945 1530 3975 Γ,

1011 3984 1027 4000 .
1065 3985 1083 4001 .
1310 3983 1326 3998 .
1387 3983 1403 3998 .
1688 3932 1763 3976 ³⁰
1795 3931 1948 4003 ‚faci
2041 3925 2287 3999 habet·
2345 3927 2468 3996 sed
2508 3924 2564 3993 si
2603 3936 2708 3992 est
2737 3923 2851 3992 iu-

864 3985 1123 4055 vemhs
1167 3984 1554 4073 cupiditas,
1618 4009 1912 4057 omnmo
1956 3956 2313 4059 irenanuin
2351 4028 2473 4062 es..
2585 4022 2678 4084 ῃ,
2724 4026 2853 4094 ad-

866 4081 1009 4156 huc
1047 4086 1329 4154 frenum
1378 4085 1848 4158 iniiciendum
1893 4113 2039 4159 esse
2085 4116 2356 4163 censeo.
2474 4088 2854 4163 Eusebius

868 4201 1057 4258 amat
1088 4188 1330 4257 literas
1360 4202 1429 4257 et
1454 4188 1799 4259 foeliciter
1825 4192 2054 4262 discit.
2156 4192 2237 4264 Si
2262 4189 2554 4264 Iustini
2586 4197 2854 4286 genesis

869 4314 1034 4361 vere
1073 4288 1341 4360 Martia
1379 4303 1518 4374 est,
1572 4292 1843 4385 aliquid
1889 4295 2170 4364 consilii
2204 4299 2677 4388 reperiemus,
2729 4323 2854 4369 nec
2913 4314 2916 4341 'ff

867 4394 1349 4464 festinandum
1375 4416 1622 4464 censeo
1642 4388 1782 4489 **).
1886 4395 2103 4467 Mitto
2131 4398 2263 4467 tibi
2294 4400 2501 4494 9d³⁸2
2556 4426 2854 4494 quarum
2913 4446 2916 4470 u

870 4496 1247 4564 lectionem
1291 4518 1493 4585 spero
1540 4497 1672 4567 tihi
1730 4523 1879 4568 non
1943 4499 2310 4570 insuavem
2372 4502 2545 4577 fore.
2666 4501 2859 4573 Bene

871 4596 1051 4668 vale.
1091 4598 1095 4601 ’

2880 1906 2881 1910 ¹
2928 1822 3056 1893 tibi
3090 1846 3222 1891 nec
3251 1817 3720 1914 Reipublicae
3748 1821 4154 1891 defuturum
4189 1845 4362 1895 esse.

2495 2016 2612 2095 (m.
2649 1973 2831 2092 iun.)
2875 1978 2878 1983 “

2969 785 3188 862 LIB.
3257 785 3387 865 IX.
3495 783 3766 861 1545.

3466 954 3952 1031 Tar-novio
3999 951 4365 1029 Polono

2924 1428 3059 1484 tem
3109 1412 3253 1483 scio
3298 1425 3365 1483 te
3411 1413 3698 1484 virtutis
3739 1426 3806 1482 et
3836 1411 4302 1505 Reipublicae
4337 1436 4574 1484 causa
4606 1413 4846 1484 bonos
4882 1428 4935 1485 et

2920 1517 3162 1587 doctos
3190 1515 3381 1585 viros
3410 1515 3819 1607 complecti:
3871 1528 4110 1585 tamen
4139 1528 4211 1586 et
4238 1539 4376 1585 nos
4413 1516 4932 1605 gratitudinem

4816 783 4950 860 78⁰

5014 569 5021 604 1

2912 1085 3002 1178 S.
3055 1104 3147 1177 D.
3243 1100 3780 1201 Sigismundus
3826 1097 4273 1175 Pannonius
4325 1102 4609 1175 scribit
4649 1100 4839 1176 mihi
4881 1130 4940 1177 se
5018 1125 5021 1140 ἓ

2916 1222 3237 1280 amanter
3270 1233 3311 1278 a
3340 1225 3408 1280 te
3438 1221 3803 1300 exceptum
3839 1232 4021 1293 esse,
4070 1222 4332 1301 tuaque
4382 1208 4777 1279 suavitate
4807 1234 4939 1279 mo·

2920 1312 3192 1384 lestiam
3237 1324 3379 1380 tam
3424 1312 3622 1401 longi
3663 1310 3940 1380 itineris
3969 1313 4271 1381 levatam
4306 1334 4493 1383 esse.
4610 1307 4789 1382 Etsi
4826 1337 4935 1384 ειιι-
5018 1351 5021 1358 ·

5016 1307 5022 1338 1

2920 1619 3289 1688 ostendere
3319 1617 3539 1690 decet.
3643 1613 3882 1705 Quare
3910 1616 4046 1686 tibi
4076 1617 4332 1707 gratias
4360 1641 4506 1708 ago
4526 1673 4552 1702 ‚
4613 1630 4693 1689 et
4727 1614 4935 1689 deSi-
5018 1603 5021 1626 ¹

2920 1713 3312 1815 gismundi
3352 1718 3692 1808 gravitate
3755 1718 4130 1811 polliceor,
4198 1722 4534 1791 studium
4602 1721 4765 1791 eius
4824 1746 4932 1791 nec

4474 1820 4714 1893 Nunc
4740 1823 4929 1892 aliam

2928 1926 3015 1993 ad
3060 1936 3127 1993 te
3173 1945 3452 1992 causam
3493 1924 3757 1998 adfero.
3860 1920 4056 1992 Civis
4096 1922 4638 1994 posnaniensis
4688 1918 4931 1995 Petrus

2928 2019 3259 2095 Polilock
3320 2024 3581 2115 litigat,
3643 2049 3804 2094 cum
3866 2025 4099 2095 nescio
4140 2052 4321 2120 quo,
4394 2040 4472 2096 et
4522 2028 4613 2095 in
4680 2028 4925 2098 iudicio

2928 2127 3401 2198 Posnaniensi
3440 2127 3645 2212 vicit,
3712 2150 3929 2219 quare
3975 2127 4105 2196 etsi
4146 2152 4257 2196 me
4303 2152 4469 2197 non
4508 2130 4713 2200 facio
4759 2130 4927 2200 iudi-

2931 2254 3120 2311 cem,
3189 2242 3427 2299 tamen
3473 2252 3766 2297 moveor
3811 2228 4057 2298 iudicii
4089 2229 4628 2301 posnaniensis
4660 2246 4933 2303 senten-

2928 2332 3062 2411 tia,
3114 2344 3196 2399 ut
3237 2329 3626 2422 existimem
3675 2354 3838 2400 eum
3889 2330 4145 2401 iustam
4186 2356 4485 2402 causam
4531 2334 4937 2407 defendere.

2880 2460 2882 2471 <
2928 2432 3139 2504 Nunc
3187 2456 3354 2501 vero
3400 2455 3512 2501 res
3559 2432 3816 2501 iterum
3860 2431 3939 2500 in
3986 2432 4144 2502 aula
4190 2449 4693 2524 cognoscetur.
4793 2435 4937 2507 Hic

2930 2549 2999 2605 te
3025 2557 3454 2626 magnopere
3487 2557 3657 2623 rogo
3676 2588 3697 2620 ,
3749 2547 3830 2604 ut
3854 2548 3922 2603 et
3954 2559 4083 2625 pro
4110 2548 4230 2605 tua
4259 2536 4547 2608 iustitia
4598 2553 4671 2610 et
4699 2553 4940 2610 nostra

2932 2636 3239 2708 amicitia
3289 2634 3646 2727 perficias,
3704 2649 3787 2706 ut
3836 2631 3954 2704 hic
3999 2628 4259 2707 Petrus
4319 2662 4483 2708 non
4542 2642 4783 2730 gratia
4824 2656 4939 2713 aut

2933 2738 3249 2831 potentia
3310 2751 3704 2829 superetur.
3818 2732 4173 2828 Cephalus
4212 2737 4480 2835 Lysiae
4522 2757 4740 2835 pater
4782 2744 4941 2814 civis

2934 2838 3213 2912 Atticus
3258 2840 3574 2931 locuples
3622 2838 3952 2928 inprimis
4011 2840 4351 2930 gloriatus
4414 2856 4560 2929 est,
4630 2868 4713 2915 se
4765 2870 4943 2919 nun-

2937 2966 3152 3036 quam
3194 2955 3520 3011 vocatum
3569 2964 3714 3010 esse
3762 2939 3839 3007 in
3884 2942 4167 3018 iudicia.

2937 3046 3229 3114 fortasse
3290 3042 3623 3133 periculis
3684 3042 4055 3129 liberavit,
4133 3068 4248 3114 me
4308 3046 4434 3116 vel
4485 3048 4942 3124 imbecillitas

2938 3146 3199 3229 animi,
3241 3144 3355 3213 vel
3388 3144 3639 3214 inertia
3668 3168 3708 3213 a
3734 3139 4249 3221 foro'deterret.
4346 3144 4512 3220 Nec
4559 3151 4778 3243 litigo
4822 3179 4944 3225 uec

2939 3247 3290 3316 admisceo
3336 3270 3449 3347 me
3490 3245 3890 3316 forensibus
3937 3249 4197 3335 causis,
4261 3251 4387 3319 sed
4438 3265 4689 3324 tamen
4736 3269 4818 3327 ut
4863 3258 4945 3327 de

2938 3345 3075 3419 hoc
3108 3349 3391 3436 negotio
3437 3349 3527 3416 ad
3561 3362 3627 3418 te
3653 3348 3993 3434 scribam,
4041 3373 4295 3440 magna
4331 3366 4408 3422 et
4454 3358 4701 3444 gravis
4749 3382 4945 3429 causa

4271 2941 4499 3015 Illum
4546 2946 4946 3020 liberalitas

5016 2537 5022 2704 t

2941 3464 3065 3520 est.
3165 3443 3430 3519 Petrus
3460 3450 3581 3518 ille
3611 3443 3943 3521 Politock
3974 3452 4204 3522 affinis
4247 3466 4353 3524 est
4388 3457 4537 3526 viri
4574 3459 4946 3545 clarissimi
5018 3487 5021 3510 ¹

2943 3552 3034 3626 D.
3078 3545 3434 3646 Gregorii
3472 3544 3810 3620 Pontani
3853 3552 4385 3637 Iurisconsulti,
4450 3559 4663 3631 cuius
4716 3577 4822 3633 est
4867 3565 4944 3633 in

2944 3652 3060 3725 his
3105 3654 3517 3744 regionibus
3562 3654 3939 3746 praecipua
3983 3657 4360 3744 autoritas,
4412 3664 4611 3754 quod
4656 3666 4843 3736 scire
4882 3682 4945 3738 te

2901 3803 2904 3845 3
2948 3757 3259 3827 arbitror
3281 3810 3301 3842 ,
3353 3757 3473 3825 sed
3506 3755 3568 3825 si
3584 3756 3727 3823 vim
3761 3757 4068 3847 ingenii,
4103 3760 4560 3851 sapientiam,
4588 3766 4949 3858 eloquen-

2949 3860 3162 3940 tiam,
3213 3858 3683 3947 integritatem
3718 3858 3868 3928 eius
3911 3884 4183 3947 nosses,
4237 3863 4446 3933 valde
4488 3888 4654 3934 eum
4686 3869 4946 3961 dilige-

2951 3987 3102 4043 reS‚
3171 3974 3240 4030 et
3281 3960 3581 4029 similem
3635 3961 3946 4053 antiquis
4001 3963 4146 4032 illis
4205 3964 4721 4038 laudatissimis
4778 3974 4944 4044 viris

2954 4064 3255 4145 diceres,
3285 4060 3550 4132 Laeliis
3578 4075 3701 4131 aut
3715 4058 4096 4135 Aristidae.
4185 4063 4352 4135 Tuo
4381 4068 4600 4138 etiam
4638 4071 4941 4162 ingenio,

2960 4162 3152 4257 (ῐῑξῡῦ
3207 4165 3596 4215 multum...
3646 4188 3968 4235 eermone
4017 4167 4361 4236 celebrari
4418 4172 4670 4254 audit,
4741 4178 4940 4249 favet.

2960 4237 3099 4309 H1c
3147 4266 3307 4311 cum
3351 4260 3582 4338 petat,
3634 4252 3711 4322 in
3764 4280 3968 4329 causa
4026 4269 4204 4337 iusta
4252 4292 4404 4339 non
4458 4274 4707 4344 deseri
4756 4302 4941 4351 suum

2961 4343 3283 4430 affinem,
3353 4349 3566 4419 etiam
3593 4368 3803 4447 atque
3845 4362 4052 4432 etiam
4103 4392 4269 4449 oro,
4318 4383 4399 4440 ut
4448 4397 4619 4443 cum
4666 4398 4943 4475 propter

2961 4468 3282 4534 causam,
3328 4463 3482 4520 tum
3513 4479 3681 4524 vero
3715 4478 4006 4554 propter
4037 4460 4468 4541 Pontanum
4520 4489 4594 4547 et
4645 4499 4945 4556 nostram

2960 4548 3375 4637 petitionem
3407 4558 3814 4648 aequiorem
3847 4578 3913 4634 te
3949 4563 4117 4640 huic
4142 4564 4361 4642 Petro
4388 4580 4770 4665 praebeas.
4864 4584 4951 4657 Et

2961 4646 3284 4768 sive-his
3350 4654 3638 4728 iudiciis
3689 4659 4085 4753 adhiberis,
4144 4674 4290 4744 sive
4349 4699 4506 4745 non
4567 4682 4951 4772 adhiberis

2958 4752 3274 4822 studmm
3305 4766 3508 4826 tuum
3548 4763 3755 4833 nobis
3789 4768 4164 4847 declarato.
4283 4774 4485 4849 Bene
4541 4797 4617 4853 et
4662 4788 4955 4861 feliciter

3115 4904 3135 4927 .
3239 4853 3491 4929 Mense
3522 4860 3774 4966 lunio,
3826 4867 4044 4945 Anno
4084 4873 4302 4954 1545.

1896 4699 2275 4797 Philippus
2302 4702 2757 4778 Melanthon.

1233 4900 2377 4929 --.-...—-·-—-—-—.—-.—....—.-—-

878 5032 1014 5104 No.
1039 5025 1264 5101 3208,
2424 5019 2659 5097 (mense
2683 5009 2854 5096 Iun.)
3708 5095 3895 5103 ——
4262 5100 4267 5104 ἢ

895 5123 1235 5158 w
2487 5105 2832 5136 Μ
4272 5098 4451 5109 ---

1644 5200 2079 5289 Τανηουιο
4505 5235 4513 5242 .

1018 5317 1784 5422 Me1,se1ect.epz.=.‘p.sos.
1822 5341 2048 5415 Epzstol.
2080 5340 2173 5396 1112.
2191 5340 2235 5396 1.
2264 5358 2318 5413 p.
2347 5340 2468 5395 407.
2504 5337 2854 5411 (edituus.
2963 5298 3100 5376 No.
3133 5302 3332 5373 3209
4512 5293 4542 5372 l
4660 5318 4784 5397 (m.
4811 5314 4961 5396 lun.)

1108 5429 1205 5485 llb-
1240 5423 1281 5478 1.
1317 5440 1400 5492 ep.
1430 5420 1593 5489 118·).
4629 5425 4955 5454 Μ

883 5550 1324 5580 -”““’”“”“
1428 5613 1441 5627 .
1486 5612 1498 5626 .
1742 5613 1754 5627 .
3667 5533 4276 5625 Auditor-ibus.

953 5631 1015 5698 stt)
1051 5627 1305 5682 Fortasse
1330 5613 1554 5670 excidit·
1587 5620 1836 5709 nuptus.
2007 5693 2041 5708 ..
2307 5690 2339 5705 ..
2598 5689 2610 5703 .
2657 5691 2672 5706 .
2818 5693 2832 5708 ο
2922 5690 2924 5694 ¹

954 5690 2341 5839 *qtffidfflgssnqffifflsffigogffiffiffgnggussgf‘g?
2361 5689 2867 5830 gmffffgggjpg
2916 5818 2919 5836 ν
3108 5723 3323 5796 scama
3362 5723 3867 5796 pub1.Wiueh.1.
3908 5747 3959 5798 ρ.
3997 5728 4111 5784 129.
4186 5735 4318 5785 nem
4361 5731 4418 5784 in
4558 5734 4833 5809 pigram.
4866 5732 4969 5788 u·-

1028 5870 1133 5926 qua
1156 5836 1669 5912 intelligitur,bauc
1694 5832 1973 5905 epistolam
2002 5831 2116 5885 fere
2146 5847 2330 5883 mense
2359 5827 2518 5883 lunio
2546 5830 2697 5888 1545.
2727 5832 2867 5889 scri-
3176 5792 3419 5850 hunum·
3456 5814 3508 5866 Ρ·
3548 5794 3666 5851 ¹²5·

1026 5933 1176 5997 ptam
1206 5930 1340 5970 esse.
