5325 6917
316 640 391 716 805
897 632 1339 711 EPISTOLARUM
1399 635 1507 715 LIB.
1542 640 1605 719 lx.
1644 644 1791 720 1545.

315 817 421 888 multi
440 826 722 907 propugnatores
739 808 948 899 disciplinae
973 821 1007 877 et
1028 808 1145 897 legum
1162 809 1318 878 oderunt
1374 813 1613 897 consuetudo,
1637 830 1678 886 ut
1698 817 1838 893 dicitur.
1894 821 2014 895 Etiam
2045 855 2122 901 cnm

2296 671 2372 744 806

2153 842 2362 929 corrigimus

314 916 573 1008 Evangelium,
593 914 689 1032 quod
706 912 750 980 de
765 912 861 1028 lege,
880 924 1042 1027 peccato,
1066 910 1219 1028 iustitia,
1237 933 1317 998 gra·
1372 923 1507 980 veteres
1531 918 1793 1004 persuasiones,
1818 935 1936 993 tamen
1960 931 2092 1023 aliquid
2110 946 2261 1030 contagii
2278 943 2361 1018 hae-

314 1023 384 1107 tia‚
409 1023 478 1089 fide
494 1013 1066 1112 proponrtdoctrmama1ud1cro
1084 1012 1147 1080 filn
1168 1012 1314 1100 frugalis
1370 1025 1425 1080 ret
1446 1012 1483 1081 in
1503 1018 1683 1087 mentibus
1703 1034 1737 1090 et
1760 1022 1797 1091 in
1814 1047 1985 1102 sermone.
2037 1030 2083 1102 Et
2097 1059 2207 1124 genus
2223 1069 2359 1119 sermo-

315 1120 580 1194 abhorrentem.
632 1115 759 1187 Statim
773 1114 881 1203 igitur
895 1109 1177 1204 postApostolos
1189 1136 1312 1183 rursus
1368 1113 2104 1215 nisaevelutEcclesiaelinguammutare
2141 1143 2312 1219 videtora

314 1224 510 1315 Evangelio
527 1222 670 1289 inducta
689 1229 737 1286 est
756 1216 880 1304 caligo.
933 1211 1009 1288 Etsi
1030 1207 1310 1307 Origenisscri-
1366 1215 1465 1284 dacia
1491 1240 1563 1286 esse
1584 1222 1687 1312 plena
1711 1223 1869 1316 periculi.
1920 1228 2059 1304 Deinde
2079 1193 2134 1308 rgs
2151 1242 2224 1333 ipsa
2239 1251 2274 1318 lo
2301 1177 2358 1321 tii

244 1403 247 1408 ⁴
316 1343 394 1420 pta,
421 1349 509 1419 quae
532 1346 630 1392 nunc
654 1333 792 1403 extant,
825 1318 950 1387 mutila
974 1332 1077 1401 sunt,
1109 1330 1143 1385 et
1165 1318 1311 1387 sortasse
1365 1329 1441 1401 tur,
1475 1343 1512 1388 ea
1536 1336 1648 1393 aetate
1670 1329 1874 1417 praesertim
1898 1333 1935 1400 in
1948 1331 2054 1406 'ltalia
2077 1355 2112 1410 et
2133 1278 2357 1422 caeterisqre·

315 1432 482 1522 pleraque
495 1418 617 1508 νόθα,
643 1436 762 1492 tamen
780 1420 962 1488 doctrinae
979 1420 1197 1510 corruptelae
1215 1421 1252 1487 in
1269 1444 1309 1489 eo
1364 1419 1529 1506 gionibus
1558 1425 1665 1494 latine
1695 1428 1923 1521 loquentibus
1950 1461 2073 1527 parum
2093 1437 2206 1515 fuisse¹
2231 1399 2356 1525 litera-

315 1544 522 1602 cernuntur.
572 1525 697 1594 Postea
722 1536 859 1591 secutus
874 1515 1052 1612 Pelagius
1073 1522 1110 1588 in
1130 1522 1309 1591 occidente
1362 1543 1454 1594 rum.
1508 1521 1656 1595 Graecia
1682 1532 1786 1600 etiam
1810 1547 1843 1602 et
1859 1533 1944 1604 Asia
1968 1539 2036 1607 iam
2063 1560 2140 1633 post
2158 1499 2354 1625 Basiliam

316 1630 565 1703 aodaccissime
589 1626 719 1696 delevit
749 1621 993 1714 Evangelium.
1051 1622 1133 1691 Non
1162 1623 1310 1693 tradidit
1362 1624 1476 1691 studia
1507 1627 1689 1698 doctrinae
1719 1635 1952 1723 negligentius
1973 1643 2157 1716 coluerunt
2228 1655 2333 1744 Quan

316 1735 505 1807 discrimen
525 1730 610 1818 legis
628 1742 662 1796 et
677 1726 884 1815 Evangelii,
909 1738 1012 1814 negat
1026 1725 1064 1792 in
1080 1721 1226 1794 bomine
1240 1728 1308 1794 du·
1361 1749 1466 1815 quam
1491 1726 1599 1815 igitur
1621 1731 1675 1800 vis
1697 1733 1828 1821 ingenii
1853 1763 1977 1827 magna
1995 1744 2062 1813 fuit
2077 1748 2113 1814 in
2131 1702 2189 1820 Ab
2218 1702 2353 1828 vestino.

314 1837 505 1906 bitationes
531 1833 574 1900 de
598 1831 649 1898 ira
674 1843 708 1898 et
729 1827 971 1896 misericordia
994 1828 1068 1912 dei,
1096 1840 1129 1895 et
1155 1822 1341 1946 horren·¹
1362 1840 1396 1893 et
1428 1827 1556 1916 pictas,
1596 1857 1665 1923 qua
1692 1836 1882 1906 discrimen
1917 1842 2007 1913 vidit
2037 1779 2288 1945 Philosoqihiae
2316 1817 2351 1932 ei

316 1942 397 2008 dam
413 1932 749 2004 aversionemadeo
765 1930 949 1997 nobiscum
967 1943 1166 1998 nascentem
1185 1953 1307 2019 pecca·
1329 1955 1333 1994 t
1359 1922 1567 2017 Evangelii,
1599 1947 1716 2003 tamen
1749 1941 1922 2010 rationem
1949 1947 2145 2034 explicandi
2167 1971 2201 2025 et
2224 1961 2235 2027 i
2262 1963 2290 2030 si
2315 1979 2348 2032 et

314 2053 391 2110 tum
407 2060 498 2122 esse,
520 2035 621 2121 fingit
643 2034 712 2122 legi
729 2031 785 2100 dci
803 2026 963 2099 homines
981 2032 1177 2098 satisfacere
1192 2053 1306 2122 posse,
1359 2029 1481 2097 multis
1504 2057 1543 2101 ea
1574 2050 1686 2104 aetate
1708 2040 1877 2123 defuisse,
1909 2048 2135 2121 manifestum
2157 2073 2203 2126 est
2237 1988 2349 2135 pllas

316 2153 351 2211 et
386 2137 478 2208 hanc
504 2138 786 2231 qualemcunque
815 2146 992 2200 externam
1023 2134 1305 2201 moderationem
1358 2144 1475 2198 autem
1493 2135 1580 2203 duas
1595 2139 1744 2208 virtutes
1757 2144 1962 2214 coniunctas
1979 2172 2053 2217 esse
2073 2113 2235 2245 oporteie
2250 2162 2329 2234 Peri

315 2266 456 2311 morum
478 2240 617 2331 placare
638 2239 727 2305 iram
753 2234 831 2316 dei,
858 2248 892 2303 et
911 2234 1081 2303 iustitiam
1099 2258 1189 2319 esse,
1216 2259 1305 2326 quae
1359 2232 1428 2299 cles
1464 2234 1568 2305 dixit:
1610 2244 1753 2336 γνῶναι
1783 2239 1830 2314 τὰ
1862 2240 1995 2318 de'ovru
2029 2250 2092 2323 καὶ
2115 2209 2350 2351 ἑρμηνεῦσαι.

312 2344 418 2413 faciat
434 2339 602 2411 haeredes
618 2339 710 2408 vitae
731 2349 903 2408 aeternae.
955 2334 1037 2404 Non
1059 2337 1172 2403 solum
1195 2360 1305 2424 nugas
1328 2413 1332 2434 ί
1359 2330 1431 2400 Nec
1457 2350 1619 2424 putemus
1643 2337 1726 2409 haec
1749 2346 1841 2414 ullos
1866 2349 1943 2417 sinc
1960 2331 2165 2428 doctoribus
2188 2290 2226 2432 aie
2245 2316 2348 2437 mon-⁰

313 2470 405 2530 esse,
421 2446 516 2538 quod
533 2443 660 2512 clamat
672 2439 820 2508 Paulus:
846 2451 992 2528 propter
1006 2433 1208 2521 Christum,
1232 2462 1304 2505 non
1328 2439 1331 2482 ἵ

313 2561 458 2639 propter
482 2569 587 2637 opera
618 2543 706 2631 legis
730 2537 840 2628 accipi
870 2538 1110 2606 remissionem
1144 2554 1305 2629 peccato-

313 2673 411 2734 rum,
443 2651 504 2717 sed
532 2647 636 2715 etiam
667 2641 882 2733 perniciosas
914 2663 1054 2707 morum
1088 2642 1304 2729 corruptelas

313 2775 398 2823 esse.
457 2748 661 2818 Fanaticam
691 2742 880 2812 amentiam
911 2764 1001 2826 esse,
1033 2743 1127 2833 quod
1161 2742 1304 2826 dicitur,

310 2855 380 2922 fide
406 2847 586 2923 hominem
612 2849 745 2917 iustum
764 2867 837 2911 esse
859 2857 891 2912 et
907 2838 998 2911 hanc
1016 2843 1119 2911 fidem
1139 2843 1303 2910 fiduciam

312 2977 385 3024 esse
402 2953 678 3045 acquiescentem
696 2948 733 3015 in
750 2947 964 3030 mediatore,
979 2968 1046 3038 qua
1063 2945 1206 3034 spiritus
1222 2968 1304 3012 san-

313 3071 388 3128 ctus
415 3077 544 3122 novam
571 3065 607 3120 et
634 3063 813 3118 aeternam
844 3048 958 3115 lucem
979 3048 1018 3114 in
1048 3047 1302 3137 perterrefactis

312 3156 490 3228 mentibus
508 3152 677 3224 accendit.
730 3147 821 3219 Cum
839 3149 947 3236 igitur
968 3149 1037 3216 late
1052 3149 1231 3238 sparsisset
1246 3149 1302 3215 vi-

313 3283 374 3330 ms
399 3282 503 3326 suum
524 3249 722 3346 Pelagius,
749 3264 783 3319 et
806 3251 887 3318 illas
909 3245 1179 3346 πιθανολογιάς
1199 3250 1301 3318 facile

311 3361 607 3452 amplecterentur
632 3352 813 3435 homines,
842 3374 989 3439 magnac
1014 3350 1051 3417 in
1067 3348 1221 3419 Ecclesia
1247 3366 1300 3419 te-

311 3466 442 3533 nebrae
468 3460 632 3541 fuerunt,
666 3454 706 3523 ut
738 3451 792 3522 his
814 3453 985 3544 proximis
1009 3453 1154 3520 saeculis
1175 3451 1301 3520 similis

309 3563 471 3635 doctrina
503 3553 765 3629 Monachorum
800 3556 913 3624 lucem
941 3551 1126 3641 Evangelii
1161 3554 1198 3620 in
1227 3567 1326 3644 toto,

309 3668 396 3737 orbe
418 3678 592 3732 terrarum
617 3657 829 3730 obscuravit.
887 3654 1003 3724 Credo
1031 3669 1146 3722 autem
1171 3656 1299 3746 passim
1323 3653 1325 3721 Ι

308 3769 416 3838 fuisse
443 3765 580 3856 aliquos
606 3763 682 3853 pios
704 3775 738 3830 et
760 3760 891 3850 peritos
914 3772 1006 3827 recte
1029 3760 1236 3836 sentientes,
1259 3733 1325 3825 uti

311 3885 344 3940 et
368 3864 423 3937 his
444 3865 630 3957 postremis
650 3863 798 3930 saeculis
824 3860 953 3929 alicubi
984 3861 1129 3928 fuerunt
1151 3860 1297 3940 meliora

309 3975 492 4051 docentes,
516 3979 557 4035 ut
574 3957 841 4041 Bernhardus‚
867 3956 1054 4028 Tuulerus
1079 3974 1113 4029 et
1136 3961 1209 4032 alii.

411 4070 479 4141 Sed
511 4081 596 4137 tunc
626 4068 793 4133 adversus
817 4062 950 4147 Pelagii
975 4085 1108 4131 venena
1132 4064 1298 4131 excitatus

306 4189 358 4246 est
371 4171 544 4242 divinitus
560 4161 809 4260 Augustinus,
836 4167 894 4257 qui
912 4161 1088 4232 Ecclesias
1103 4166 1229 4254 passim
1252 4166 1294 4231 ad

308 4299 426 4345 veram
442 4272 638 4342 doctrinam
657 4263 913 4359 Prophetarum
932 4261 1224 4355 etApostolorum
1242 4290 1297 4332 re-

308 4375 464 4456 vocavit,
497 4373 670 4453 ostendit,
704 4365 925 4438 horribiliter
951 4391 1066 4435 errare
1098 4362 1295 4458 Pelagium

310 4489 494 4566 negantem
525 4488 705 4564 peccatum
736 4471 901 4559 originis,
934 4470 1145 4538 monstravit
1170 4470 1295 4536 discri-

307 4605 388 4650 men
420 4575 505 4665 legis
534 4589 567 4644 et
590 4572 795 4663 Evangelii,
829 4572 966 4655 docuit,
999 4571 1131 4639 remitti
1157 4583 1294 4657 peccata

308 4682 416 4772 gratis
437 4692 581 4769 propter
597 4675 709 4742 fitium
725 4676 801 4758 dei,
835 4699 908 4742 nort
925 4688 1068 4762 propter
1088 4671 1293 4768 dignitatem
1317 4723 1320 4790 Ι

308 4797 485 4863 nostram,
512 4779 692 4856 adfirmat,
717 4773 951 4864 Evangelium
970 4798 1042 4842 esse
1059 4771 1293 4840 ministerium
1318 4815 1320 4828 ·

1358 2437 1588 2550 stratoribus,
1620 2442 1696 2510 sine
1717 2449 1850 2531 studio,
1885 2450 1961 2518 sine
1983 2454 2072 2525 iusta
2100 2462 2258 2534 discendi
2290 2493 2346 2538 ra-

1358 2550 1455 2605 tione
1476 2543 1641 2654 cousequi
1663 2569 1774 2633 posse.
1833 2548 1924 2640 Vere
1954 2549 2013 2623 bic
2039 2573 2072 2627 et
2094 2578 2186 2633 recte
2218 2571 2347 2640 refutat

1357 2632 1591 2729 Augustinus
1615 2639 1784 2734 Origenis
1816 2662 1850 2718 et
1873 2648 2184 2733 Eutlursiastarum
2217 2671 2348 2740 delira-

1356 2754 1491 2825 menta,
1518 2744 1580 2836 qui
1602 2752 1875 2839 corrumpebant
1896 2751 1998 2824 Pauli
2014 2761 2105 2830 dicta
2124 2767 2167 2832 de
2189 2769 2289 2840 litera
2313 2789 2347 2844 et
2370 2751 2377 2760 ¹

1356 2840 1500 2929 spiritu,
1525 2868 1670 2934 prorsus
1693 2863 1734 2917 ut
1755 2874 1850 2919 nunc
1870 2852 2136 2949 Anabaptistae.
2188 2867 2278 2940 Cum
2304 2876 2347 2943 li-

1355 2955 1466 3011 teram
1491 2945 1726 3032 abiiciebant,
1760 2964 1874 3020 totum
1906 2958 2141 3033 ministerium
2165 2986 2346 3045 externum
2443 2945 2447 2954 .

1356 3046 1646 3134 aspernabantur.
1706 3047 1847 3120 Deinde
1869 3056 2032 3144 spiritum
2064 3065 2243 3153 fingebant
2274 3099 2346 3146 esse

1354 3146 1538 3263 allegorias
1556 3163 1590 3219 et
1605 3152 1892 3240 imaginationes,
1908 3182 1995 3250 quas
2009 3163 2076 3230 sibi
2093 3168 2220 3238 reiecto
2235 3179 2344 3246 verbo

1355 3249 1412 3364 der
1432 3249 1627 3337 fingebant,
1653 3268 1694 3323 ut
1713 3255 1817 3324 molti
1839 3256 2003 3328 monachi
2024 3280 2057 3336 et
2073 3262 2346 3369 Anabaptistae

1355 3350 1555 3420 ractitarunt
1581 3355 1732 3425 adflatus
1755 3380 1829 3426 esse
1853 3361 2017 3449 spiritus,
2040 3369 2172 3440 deserta
2196 3379 2345 3448 coniuve

1354 3465 1388 3522 et
1401 3452 1534 3520 familia
1552 3458 1668 3545 vagari
1684 3483 1763 3525 cum
1780 3460 1942 3530 fanaticis
1963 3470 2162 3545 erronibus.
2305 3433 2323 3468 υ

1456 3549 1513 3623 Ab
1541 3550 1596 3623 his
1628 3559 1726 3626 tetris
1748 3564 1921 3651 portentis
1943 3562 2174 3660 Ategustinus
2203 3598 2341 3652 revocat

1352 3650 1545 3724 Ecclesiam
1575 3660 1619 3725 ad
1642 3661 1845 3748 veritatem,
1883 3671 2037 3738 ostendit
2066 3675 2150 3766 quid
2183 3678 2283 3750 litera
2310 3698 2343 3755 ct

1353 3758 1437 3850 quid
1463 3759 1607 3848 spiritus
1628 3764 1772 3852 proprie
1794 3766 1973 3851 dieantur,
2007 3795 2071 3841 nec
2093 3777 2230 3849 literam
2254 3788 2341 3854 abo-

1351 3860 1492 3928 lendam
1518 3884 1590 3927 esse
1615 3863 1718 3929 nobis
1746 3866 2039 3956 praecipientem,
2078 3880 2136 3944 sed
2165 3906 2284 3950 vocem
2307 3901 2339 3956 et

1350 3961 1586 4028 ministerium
1604 3975 1785 4031 externum
1802 3961 2010 4058 Evangelii,
2035 3984 2230 4052 necessario
2254 3989 2340 4056 reti-

1350 4064 1507 4139 nendum
1540 4086 1630 4144 esse,
1663 4088 1702 4132 ac
1734 4067 1897 4155 spiritum
1931 4089 2089 4146 sanctum
2122 4108 2186 4172 per
2219 4114 2338 4158 vocem

1349 4159 1535 4253 Evangelii
1551 4178 1585 4233 et
1608 4189 1670 4254 per
1686 4167 1924 4241 ministerium
1942 4176 2113 4246 efficacem
2130 4207 2212 4257 esse.
2264 4189 2339 4260 Rs».

1350 4278 1402 4333 cte
1427 4279 1461 4335 et
1481 4261 1547 4334 hoc
1568 4267 1745 4352 adfirmat,
1770 4272 2013 4363 disciplinam,
2041 4279 2163 4367 idest,
2191 4281 2335 4360 honesta

1349 4390 1455 4456 opera
1480 4360 1654 4483 luxmanae
1678 4371 1826 4439 rationis
1850 4375 1927 4441 sine
1950 4379 2076 4466 spiritu
2094 4400 2213 4468 sancto
2237 4390 2339 4473 facta,

1348 4489 1413 4532 nee
1429 4489 1555 4533 mereri
1574 4493 1814 4538 remissionem
1832 4490 2073 4564 peccatorum,
2099 4509 2162 4554 nec
2188 4511 2260 4557 esse
2281 4495 2336 4561 iu-

1348 4567 1498 4650 stitiam,
1520 4591 1610 4660 quae
1631 4571 1733 4640 faciat
1755 4567 1922 4644 haeredes
1941 4580 2033 4649 vitae
2058 4599 2230 4657 aeternae.
2283 4590 2334 4662 dc

1347 4671 1524 4758 praeclare
1540 4671 1641 4740 dicit:
1669 4696 1709 4740 ex
1725 4674 1799 4761 lege
1815 4677 1978 4746 timemus
1992 4684 2108 4757 deum
2161 4688 2229 4758 Sed
2249 4695 2333 4763 alibi

1349 4794 1450 4860 saepe
1472 4772 1575 4854 dicit,
1602 4773 1782 4842 iustificari
1809 4771 1970 4849 homines
1995 4809 2056 4874 per
2079 4791 2227 4876 gratiam
2251 4795 2332 4864 dato

306 4884 468 4973 spiritus,
494 4906 534 4949 ac
549 4880 615 4948 fide
631 4878 738 4967 accipi
755 4879 918 4967 spiritum
935 4892 1106 4946 sanctum.
1157 4872 1293 4941 llaram
1348 4872 1473 4961 spiritu
1488 4888 1609 4943 sancto
1630 4879 1842 4946 accendente
1861 4881 2086 4954 dilectionem
2104 4891 2140 4957 in
2158 4896 2324 4965 cordibus
2401 4935 2407 4940 ·

306 4985 537 5053 maximarum
563 5004 680 5050 rerum
706 4977 974 5070 explicationem
1000 4977 1120 5045 multis
1142 4975 1297 5044 volumi·
1347 4971 1444 5044 Haec
1461 4975 1644 5066 explicatio
1659 5001 1732 5046 non
1751 4993 1800 5048 est
1816 4981 1963 5072 integra.
2013 4986 2159 5061 Necesse
2174 5008 2224 5063 est
2240 4952 2336 5067 enini

306 5087 413 5156 nibus
428 5085 629 5175 complexus
646 5096 707 5164 est,
721 5105 822 5173 quae,
839 5080 866 5148 si
883 5095 1038 5169 tempora
1057 5090 1088 5145 et
1104 5078 1296 5146 sententiae
1348 5077 1447 5168 prius
1463 5078 1551 5161 dici,
1572 5079 1715 5182 quod-et
1737 5080 1811 5171 ipse
1827 5107 1928 5174 saepe
1943 5086 2131 5176 significat,
2149 5097 2192 5162 de
2210 5100 2333 5168 remis-

308 5190 503 5282 prudcnter
535 5186 777 5264 conferantur,
824 5182 906 5250 satis
941 5181 1130 5248 ostendunt
1165 5178 1297 5260 lectori,

308 5294 428 5359 dextre
454 5301 488 5357 et
514 5310 588 5355 non
622 5285 836 5354 calumniose
868 5281 1062 5360 iudicanti,
1097 5292 1190 5348 recte
1215 5304 1295 5348 eum

307 5392 455 5470 sentire,
483 5401 619 5457 etcum
644 5402 763 5458 nostra
780 5383 935 5456 Ecclesia
954 5387 997 5451 dc
1024 5379 1079 5452 his
1106 5382 1190 5474 ipsis
1211 5381 1297 5450 locis

307 5513 512 5582 congruere.
568 5487 637 5558 Sed
668 5503 787 5560 tamen
813 5489 899 5557 alias
925 5486 1035 5574 magis
1063 5485 1149 5553 alias
1179 5485 1298 5552 minus

306 5609 390 5665 sunt
406 5591 589 5686 perspicua
606 5590 681 5659 eius
698 5593 847 5683 scripta,
872 5591 971 5660 cuius
992 5588 1041 5657 rei
1063 5582 1127 5658 hae
1141 5586 1298 5656 fortassis

306 5721 431 5768 causae
456 5707 560 5775 sunt,
586 5691 669 5785 quia
695 5717 759 5763 nec
784 5694 851 5785 ipsi
870 5717 911 5762 ex
927 5691 1077 5780 caligine
1091 5690 1144 5759 sui
1163 5706 1300 5780 tempo-

305 5802 355 5871 ris
371 5821 516 5892 prorsus
535 5793 680 5864 eluctari
699 5795 800 5864 facilc
823 5796 901 5868 fuit.
953 5795 1074 5865 Altera
1101 5799 1300 5862 natura'est

1349 5179 1448 5252 sione
1463 5193 1705 5270 peccatorum,
1730 5189 1909 5274 quomodo
1927 5189 2149 5281 acquiescant
2165 5213 2336 5287 perterre-

1348 5281 1458 5349 factae
1483 5293 1636 5365 mentes,
1676 5288 1855 5374 quomodo
1888 5289 2061 5380 accipiant
2094 5300 2335 5372 remissionem

1350 5394 1592 5471 peccatorum,
1627 5388 1721 5453 unde
1747 5411 1848 5455 mens
1876 5389 1914 5457 in
1939 5414 2050 5481 agone
2073 5399 2224 5469 sentiens
2247 5403 2334 5473 iram

1352 5483 1407 5552 dei
1423 5485 1699 5554 consolationem
1714 5502 1833 5579 petcre
1848 5492 1984 5568 debeat.
2020 5496 2098 5567 Non
2117 5500 2160 5568 ad
2176 5507 2338 5592 proprias

1351 5586 1499 5658 virtutes
1519 5588 1722 5657 deducenda
1750 5604 1810 5662 est.
1868 5591 1921 5662 Ne
1945 5596 2019 5689 ipse
2040 5599 2182 5689 quidem
2208 5602 2339 5700 Augu·

1351 5686 1473 5758 stinus
1488 5689 1681 5758 moriturus
1702 5690 1808 5762 dixit:
1835 5694 1938 5764 video
1955 5699 2143 5791 puritatem
2166 5731 2264 5777 meae
2283 5711 2340 5778 di-

1353 5792 1531 5876 lectionis3
1558 5788 1650 5861 hanc
1665 5817 1808 5884 oppono
1830 5797 1962 5870 iudicio
1981 5799 2055 5879 dei,
2081 5822 2226 5898 propter
2250 5806 2340 5881 hanc

1661 5889 1747 5966 51·
