5325 6917
246 817 251 838 ..
292 741 368 819 ur

237 859 248 878 '⁴
291 916 359 992 uo.
374 914 491 991 stas.

299 1013 474 1048 w

866 741 1304 825 cerseonanou
1361 705 1571 833 crau.
1623 756 1758 837 asts.
2264 777 2340 853 rsa

1137 928 1193 995 14.
1207 925 1293 990 Maii.
1344 905 1454 1013 igitur
1468 926 1574 1013 mihi,
1589 928 1759 1022 scriptum
1776 956 1849 1004 esse
1861 935 2156 1031 adpraelectum,
2171 962 2206 1019 et
2219 974 2338 1023 exem-

1150 1018 1280 1045 Μ
1344 1026 1444 1115 plum
1467 1029 1635 1120 epistolae
1657 1030 1835 1128 Principis
1857 1041 2103 1128 protulerunt,
2129 1053 2225 1139 quod
2249 1055 2336 1126 iussi

1342 1126 1411 1196 tibi
1436 1130 1601 1205 describi.
1650 1135 1711 1204 sed
1736 1160 1810 1206 non
1832 1139 2007 1228 sciebant,
2027 1168 2073 1214 an
2090 1146 2213 1221 literae
2227 1152 2334 1225 Prin-

1342 1227 1430 1320 cipis
1454 1234 1681 1323 pervenerint
1707 1240 1751 1305 ad
1775 1242 1999 1330 praelectum.
2049 1243 2171 1334 Quare
2188 1277 2244 1322 me
2260 1257 2334 1328 ius·

1341 1346 1463 1403 serunt
1495 1336 1693 1428 exemplum
1718 1342 1762 1409 ad
1787 1344 2004 1432 praelectum
2023 1348 2177 1421 mittere:
2215 1358 2278 1448 qni
2303 1362 2334 1430 si

294 1431 470 1529 Georgi
478 1458 499 1504 o
523 1427 563 1503 B
571 1424 899 1515 celticensem,
923 1432 1135 1533 praeposito
1160 1427 1304 1507 Eccle‘
1340 1453 1414 1501 non¹
1440 1438 1572 1528 accepit
1604 1439 1725 1509 literas
1755 1440 1950 1535 Principis,
1984 1459 2026 1518 ut
2046 1463 2097 1520 est
2117 1458 2331 1531 nunciorum

534 1545 542 1582 ι’
645 1531 726 1604 siae
752 1532 790 1606 U
795 1533 939 1622 rsinae,
1340 1557 1466 1623 magna
1482 1540 1713 1630 negligentia,
1741 1545 1891 1635 polliciti
1905 1561 1988 1618 sunt
2010 1574 2046 1618 se
2062 1576 2184 1625 rursus
2199 1562 2331 1650 petitu-

617 1109 672 1204 ·G.
693 1112 979 1204 Bacbieolzer.

448 1277 546 1336 Manlii
563 1276 665 1351 ierng·
682 1278 735 1334 40⁹
749 1279 794 1352 iq.
1059 1297 1076 1330 1

292 1651 339 1742 S·
371 1666 416 1741 D.
474 1664 594 1737 Hodie
629 1691 731 1760 spero
765 1668 956 1738 allaturum
983 1665 1075 1738 mihi
1105 1671 1290 1757 nuncium,
1339 1637 1920 1734 ‘⁰⁵³pri¹¹⁰iP²⁰b⁸58¹¹³¹i⁰⁰0m0
1968 1648 2361 1743 Crasigiturmiuam»

514 1763 700 1887 aaa
853 1772 897 1840 ὼ
1338 1742 1983 1834 ⁸
2030 1752 2330 1937 tt

293 1890 387 1947 cene
411 1871 672 1989 lllusnisslmus
690 1870 860 1990 Pimfeps
882 1874 1074 1990 eleinemer
1094 1878 1287 1994 refpondit'
1338 1893 1464 2011 babilis
1482 1969 1584 2015 causa
1602 1902 1745 2019 videtrir
1787 1950 1973 2023 leniendae
1991 1961 2185 2032 severitatis
2201 1890 2327 2040 inphac

293 1978 353 2050 sed
379 1974 419 2141 iq
442 1987 550 2043 tantis
570 1976 862 2142 offianombus
885 1976 1019 2045 scnbae
1045 1978 1180 2047 tardrus
1204 1990 1305 2149 nupt-s
1336 2065 1374 2109 re
1452 2019 1720 2118 Consulendhm
1750 2004 1805 2122 ’est
1834 2056 2033 2125 animarum
2068 2063 2173 2135 saluti
2231 2073 2327 2161 quud

292 2089 376 2152 tunt
423 2074 537 2147 iteras.
639 2074 841 2146 iitamen
865 2100 940 2152 rem
960 2102 1063 2147 curae
1088 2102 1161 2147 esse
1186 2103 1286 2152 sero.
1374 2089 1386 2160 ‚⁸
1467 2146 1476 2161 ,
1611 2150 1620 2166 ‚
1671 2152 1679 2167 ,
1980 2184 1986 2197 ¹
2184 2120 2194 2151 2

291 2180 348 2254 »ε
527 2168 751 2295 anan
1335 2165 1407 2314 aa
1423 2146 2329 2343 tfaaaexstructas,terra

292 2280 479 2354 Romanus
493 2276 657 2348 Pontifex
680 2278 817 2384 aliquot
838 2275 1035 2398 Eprscqpos
1055 2280 1285 2367 Trrdentum‚
1335 2345 1475 2418 memo
1504 2363 1577 2421 tm
1595 2357 1815 2427 §nonomine
1853 2358 1903 2430 Be
1932 2362 2034 2431 evale
2077 2363 2124 2436 D·
2154 2371 2205 2440 22
2226 2372 2268 2442 M
2292 2376 2315 2391 ..

291 2383 356 2478 qui
371 2380 508 2452 usitatis
526 2379 736 2450 ceremoniis
750 2375 934 2474 Synodum
957 2378 1182 2452 rnchoarunt.
1207 2378 1286 2452 Ad·
1335 2444 1366 2516 Α
1460 2375 1509 2522 4}
1816 2411 1826 2432 ·
1905 2387 1929 2431 ¹¹
2036 2415 2046 2436 ·
2114 2392 2162 2478 ¹²¹
2207 2424 2216 2444 ο
2269 2398 2327 2443 ³¹¹·

292 2487 440 2557 luerunt
460 2480 511 2553 ibi
534 2496 569 2553 et
594 2476 711 2552 adhuc
730 2484 861 2551 adsunt
881 2482 989 2572 legati
1003 2482 1229 2575 Imperatoris
1252 2498 1286 2554 et
1371 2472 1444 2518 ⁰¹¹⁰
1512 2503 1521 2525 ·

292 2585 402 2678 Regis
409 2576 662 2669 Fcrdinandi,
679 2583 742 2677 qui
761 2582 911 2674 publicis
928 2585 1150 2656 orationibus
1165 2598 1285 2656 osten-

292 2692 440 2771 derunt,
475 2711 557 2759 suos
578 2687 742 2756 dominos
771 2706 959 2774 agnoscere
983 2680 1076 2756 hanc
1106 2690 1283 2781 synodum
1334 2688 2316 2727 ——---—--.-.....—..—„

292 2806 460 2885 tanquam
489 2787 645 2878 legitime
675 2799 940 2876 congregatam:
978 2801 1013 2858 et
1045 2789 1284 2878 promiserunt
1331 2830 1527 2905 Nm3l91·

291 2890 545 2965 defensionem.
595 2886 693 2959 Haec
707 2902 790 2959 sont
811 2888 930 2959 initia:
954 2887 1148 2983 Reliquam
1169 2884 1283 2960 histo-
1338 2928 1510 2959 Μ
1951 2850 2030 2930 (fere
2047 2857 2077 2920 d·
2098 2868 2156 2929 22·
2176 2862 2278 2948 Maii)

290 2996 380 3067 riam
397 3008 516 3084 postea
530 2991 727 3063 audiemus.

391 3092 448 3166 De
467 3092 670 3186 plagiariis,
707 3088 771 3183 qui
791 3113 833 3159 ex
856 3115 993 3162 carcere
1016 3093 1216 3182 effugerunt
1233 3086 1283 3190 *),

292 3192 387 3267 nihil
410 3192 524 3265 habeo
540 3193 637 3288 quod
655 3192 819 3263 scribam.
872 3191 942 3261 Sed
960 3217 1023 3262 oro
1040 3191 1156 3263 Deum
1171 3208 1283 3265 aeter-

291 3323 380 3370 num
394 3297 529 3389 patr'em
546 3293 696 3367 Domini
712 3293 826 3364 nostri
849 3290 929 3363 lesu
944 3289 1096 3375 Christi,
1122 3310 1282 3366 autorem

291 3400 430 3492 politici
460 3396 597 3470 ordinis
628 3395 666 3464 in
696 3395 855 3465 societati
879 3390 1029 3465 humani
1054 3399 1210 3486 generis,
1243 3411 1285 3468 ut

295 3500 510 3574 Germaniae
524 3502 584 3569 det
602 3522 740 3589 pacem:
766 3521 806 3566 ac
822 3496 990 3587 ¹politias,
1014 3522 1105 3590 quae
1119 3513 1203 3570 sunt
1218 3496 1285 3569 ho·
1332 3520 1389 3599 D⁰
1410 3521 1496 3595 1125
1506 3533 1552 3595 ιο
1578 3520 1745 3598 Μιηῑο
1777 3524 1856 3601 Pas

293 3603 399 3698 spitia
418 3600 597 3672 Ecclesiae
611 3596 697 3683 Dei,
724 3600 909 3671 custodiat.
967 3597 1065 3668 Bene
1086 3600 1180 3669 vale:
1207 3598 1286 3684 Die,

293 3730 365 3799 quo
401 3704 495 3772 lilius
524 3699 592 3771 Dei
626 3695 871 3792 triumphans,
915 3715 1093 3791 spectante
1126 3699 1284 3772 Ecclesia

292 3805 451 3877 ascendit
474 3805 512 3872 in
538 3803 695 3872 coelum:
721 3826 761 3871 ac
777 3802 951 3887 ostendit,
975 3805 1116 3897 qualem
1137 3804 1285 3893 gloriam

293 3922 471 3979 aeternam
495 3901 655 3974 Ecclesia
680 3899 845 3973 habitura
870 3918 968 3975 esset.
1027 3903 1105 3975 Hac
1128 3930 1194 3975 nos
1225 3929 1285 3996 spe

294 4008 529 4082 consolemur.
580 4002 678 4075 Bene
693 4006 781 4074 vale.
832 4002 941 4073 Anno
957 3999 1019 4078 45.
1165 4079 1167 4084 ,

787 4101 995 4202 ἱΡΙιὶΙίρριιε
1010 4106 1235 4185 Melanthon.

1925 2952 2328 2998 m

1717 3043 1754 3129 Ι.
1781 3044 1938 3135 Manio.

1401 3194 1485 3319 1²¹3
1485 3197 1666 3322 oqpppgpiqpbo
1679 3200 1810 3259 Melantb.
1827 3204 1894 3261 mibi
1907 3206 1991 3265 misso
2010 3210 2151 3270 rClariss·
2166 3218 2330 3296 Meyertroff,

1334 3414 1560 3494 Clarissimo
1580 3421 1658 3493 viro
1683 3422 1886 3500 eruditione
1911 3441 1944 3502 et
1968 3434 2097 3507 virtute
2121 3452 2334 3535 praestanti

1859 3532 1934 3602 tori
1955 3532 2146 3612 Ecclesiae
2169 3542 2330 3621 Isenna-

1551 3626 1812 3728 censes-arnico
1836 3659 1905 3704 suo
1926 3638 2120 3713 carissimo

1333 3740 1377 3832 S.
1395 3759 1440 3831 Ι).
1490 3761 1582 3835 Cum
1598 3766 1755 3857 primum
1769 3793 1810 3837 ex
1824 3771 1904 3839 aula
1921 3773 2068 3845 domurn
2091 3802 2251 3854 reversus
2276 3811 2331 3857 es·

1335 3888 1426 3950 sem,
1459 3867 1641 3959 multaque
1663 3868 1752 3937 dura
1775 3893 1853 3940 meo
1878 3872 1971 3943 tristi
1993 3899 2074 3945 cum
2092 3885 2198 3953 corde
2224 3901 2330 3977 puta.

1336 3990 1429 4052 rem,
1453 3980 1495 4036 ut
1509 3990 1613 4036 versu
1627 3982 1749 4060 poetae
1766 3972 1893 4041 veteris
1906 3988 2007 4062 uter,
2031 3978 2069 4049 in
2088 3984 2194 4054 rebus
2217 3990 2330 4058 maio-

1336 4069 1436 4138 ribus
1458 4092 1565 4160 quam
1589 4084 1663 4140 erat
1687 4071 1820 4142 bellurn
1839 4073 2035 4159 Punicum,
2064 4088 2188 4176 ,accepi
2209 4089 2329 4160 literas

1338 4183 1416 4239 tuas
1445 4169 1686 4254 dulcissimas,
1725 4198 1790 4265 pro
1815 4177 1946 4271 quibus
1973 4181 2088 4251 missis
2110 4189 2239 4274 gratias
2263 4193 2329 4262 tibi

1338 4294 1415 4360 ago.
1465 4265 1640 4364 Aequievi
1662 4275 1756 4344 enirn
1778 4278 2039 4370 aliquantulum
2063 4283 2181 4374 legens
2204 4314 2330 4362 conso-

1338 4372 1506 4442 lationem
1529 4386 1638 4449 tuam.
1696 4374 1875 4447 Humanis
1904 4384 2087 4471 praesidiis
2113 4391 2241 4459 nudari
2265 4417 2331 4464 nos

1174 4543 1181 4557 .
1218 4512 1220 4518 -
1339 4473 1469 4565 passim
1496 4474 1610 4548 video.
1669 4475 1739 4548 Sed
1762 4473 1827 4549 bac
1848 4504 1905 4551 me
1925 4507 2010 4553 voce
2033 4487 2090 4555 dei
2104 4493 2237 4560 aeterni
2254 4518 2331 4565 sus-

447 4843 546 4900 uranu
564 4842 664 4914 sarug.
680 4861 707 4904 a.
725 4815 835 4915 aaz,

299 4999 519 5076 Venerabili
552 5004 648 5080 ciro,
684 4998 824 5071 eximia
861 4995 1064 5070 eruditione
1094 5008 1127 5070 et
1155 5003 1290 5099 pietate

232 5083 238 5094 ⁸
293 5098 483 5203 praedito,
523 5099 671 5173 domino
711 5096 914 5196 Georgia
946 5094 1289 5220 Buchltolteer,

325 5201 536 5305 praeposito
553 5202 739 5275 Ecclesiae
753 5200 1019 5291 Berlinensis,
1031 5227 1151 5273 amieo
1169 5228 1257 5293 suo,

294 5313 341 5413 S.
367 5339 413 5412 Ι).
467 5338 534 5410 rur
552 5332 914 5432 ursaceusrorgae
936 5337 1090 5422 inaura,
1116 5338 1181 5408 unt
1204 5340 1289 5411 asri-

295 5458 417 5534 genter
433 5441 602 5537 inquisivi
617 5444 660 5511 de
677 5441 823 5532 negocio
838 5439 965 5511 adfinis
979 5440 1043 5510 tui.
1090 5437 1289 5514 Narrarunt

330 5708 360 5779 *)
378 5706 512 5779 Loquitur
531 5703 565 5758 de
586 5701 774 5786 bleba-istis,
791 5703 840 5776 qni
858 5701 1048 5787 Marcbipoem
1061 5703 1217 5761 Electom
1238 5709 1289 5791 de:

363 5785 493 5849 “ct
514 5785 542 5858 ’θ
564 5772 851 5895 *taratara
871 5790 922 5895 1¹⁰:
939 5771 1132 5900 rausa
1148 5775 1289 5901 testu

363 5841 717 5972 Edrisddhdiltvdiiiiiiea.
734 5879 781 5981 (te'
792 5907 890 5966 weu
927 5947 935 5965 .
950 5929 976 5983 p.
991 5911 1078 5981 itt-J.

1339 4588 1459 4661 tento,
1490 4576 1552 4670 qui
1575 4576 1711 4670 inquit:
1761 4577 1838 4671 Ego
1863 4584 1969 4654 etiarn
1994 4608 2230 4663 senescentem
2259 4591 2329 4667 Ec·

1340 4678 1481 4747 clesiam
1499 4680 1654 4766 gestabo.
1706 4679 1874 4754 Vidimus
1889 4686 2001 4757 multo
2022 4704 2103 4760 ante
2118 4686 2330 4765 Loaanien-

1339 4800 1414 4848 sem
1430 4779 1629 4865 decretum,
1653 4796 1687 4851 et
1702 4786 1855 4874 optarim
1869 4788 2004 4878 opponi
2018 4790 2173 4883 aliquam
2190 4797 2331 4870 brevem

1342 4894 1377 4951 et
1401 4880 1554 4971 graviter
1576 4882 1740 4975 scriptam
1761 4884 2043 4979 Responsionem
2057 4884 2104 4984 ¹¹).
2164 4894 2327 4971 Adorna-

1340 5005 1415 5052 rem
1437 4982 1512 5073 ipse
1532 4983 1687 5077 aliquid,
1713 4990 1773 5055 sed
1797 5014 1852 5056 me
1873 4991 1983 5063 multa
1999 4992 2216 5085 impediunt,
2243 5029 2332 5096 quae

1341 5107 1415 5153 non
1439 5084 1528 5154 libet
1554 5109 1744 5156 recensere.
1804 5087 1928 5162 Donec
1960 5116 2122 5183 possum,
2155 5104 2333 5176 moderate

1340 5179 1405 5254 has
1420 5200 1557 5255 nostras
1572 5187 1731 5259 literulas
1752 5193 1888 5260 tradam
1905 5195 2205 5286 adolescentibus,
2231 5220 2265 5277 et
2290 5211 2334 5277 (le

1342 5287 1501 5357 doctrina
1519 5289 1688 5358 disseram
1710 5292 1885 5374 studiose,
1911 5309 1945 5365 et
1966 5298 2115 5369 assiduis
2131 5305 2222 5374 votis
2237 5332 2334 5377 com·

1341 5389 1517 5456 mendabo
1534 5390 1600 5460 deo
1624 5391 1773 5461 salutem
1789 5389 1986 5483 Ecclesiae,
2008 5415 2193 5497 petamque
2217 5422 2257 5477 ut
2281 5411 2334 5479 la-

1341 5490 1445 5559 bores
1459 5491 1572 5560 nostri
1587 5492 1659 5561 sint
1673 5494 1815 5565 foelices
1832 5511 1866 5567 ct
1884 5499 2063 5577 salutares.
2116 5504 2214 5594 Quid
2234 5512 2333 5581 aliud

1341 5591 1454 5661 lacere
1476 5593 1607 5683 possim
1628 5594 1667 5663 in
1692 5607 1789 5666 tanta
1812 5598 2038 5673 distractione
2059 5607 2219 5679 omnium
2236 5616 2335 5684 ordi-

1341 5779 1567 5813 Q—-ss-

1376 5919 1406 5990 *)
1424 5919 1487 5979 Vid.
1505 5922 1738 6071 epqasdgdeuium
1753 5926 1780 5983 d.
1795 5927 1821 5986 9.
1835 5927 1909 6004 Sept.
1922 5933 1996 5988 154⁵.
