5325 6917
303 694 381 775 848

309 860 508 991 Q.

1142 860 1200 925 11.
1214 849 1294 918 Deo.

1121 943 1290 975 «οων

674 1054 736 1142 lo.
764 1051 934 1164 Longo.

399 1220 421 1284 1·
438 1212 476 1269 Er
489 1232 582 1288 apogr.
600 1211 629 1266 iu
648 1211 712 1269 eod.
728 1208 813 1266 Goth.
829 1208 891 1266 899.
909 1226 936 1280 p.
955 1205 1014 1264 189.

314 1365 526 1447 Reverendo
541 1369 639 1458 viro,
663 1363 865 1439 eruditione
881 1385 912 1435 et
931 1362 1060 1435 virtute
1079 1358 1300 1461 praestanti,

314 1475 369 1549 D.
390 1472 477 1545 Ion
489 1474 570 1544 nni
591 1467 779 1565 Longo,
814 1464 975 1539 Doctori
995 1461 1035 1536 T
1034 1459 1198 1559 hcolog„
1228 1487 1301 1558 gu-

316 1573 490 1651 bernanti
512 1570 697 1646 arelatam
711 1568 792 1662 Dei
813 1567 852 1640 in
870 1560 1220 1667 urbeErsordensi,
1242 1562 1301 1660 pie

593 1672 775 1774 feliciter,
800 1672 919 1742 amico
938 1693 1024 1757 suo,

887 672 1329 758 oersronauuu
1378 674 1575 756 uren
1627 675 1764 794 ¹⁶⁴⁴·

2257 676 2336 753 614

1369 843 1436 919 Ad
1455 843 1747 934 Guilelmum,
1771 842 1945 936 Rtnct,
1970 826 2310 945 Guililmifilium.

1344 979 1522 1088 Magnam
1539 991 1657 1091 cepi¹)
1672 998 1888 1088 voluptatem
1904 1022 1944 1065 ex
1960 998 2071 1067 literis
2089 1000 2175 1083 tuis,
2201 1001 2240 1068 in
2255 1002 2336 1093 qui-

1345 1101 1414 1170 bus
1429 1110 1464 1167 et
1486 1098 1763 1167 benivolentiam
1786 1093 1874 1166 mibi
1892 1112 1987 1168 tuam
2011 1099 2141 1168 illustri
2158 1102 2337 1189 significa-

1348 1201 1445 1272 tione
1462 1199 1629 1282 declaras,
1655 1201 1746 1271 etde
1760 1199 1968 1267 studiistuis
1984 1201 2258 1290 prudentissime
2275 1206 2338 1273 de-

1348 1303 1489 1371 liberas.
1538 1297 1616 1390 Ego
1632 1323 1715 1370 vero
1732 1315 1765 1370 et
1783 1322 1901 1369 amore
1921 1323 2001 1390 erga
2017 1326 2073 1369 me
2094 1314 2154 1371 tuo
2170 1305 2339 1392 delector,

1348 1417 1383 1475 et
1396 1402 1531 1492 gaudeo
1551 1398 1651 1496 tui²)
1674 1414 1710 1471 et
1733 1402 1842 1492 patris
1866 1426 1986 1487 causa,
2019 1415 2052 1472 et
2074 1417 2219 1494 propter
2239 1431 2339 1476 rem-

1349 1502 1548 1597 publicam,
1569 1516 1604 1573 te
1628 1504 1673 1571 ad
1692 1504 1798 1574 decus
1821 1515 1856 1572 et
1878 1505 2044 1573 virtutem
2067 1504 2252 1576 incitatum
2274 1534 2338 1601 ap·

1348 1619 1465 1697 petere
1479 1626 1554 1672 non
1574 1616 1714 1673 tantum
1734 1603 1945 1673 eruditionis
1959 1604 2121 1675 umbram
2140 1607 2177 1675 in
2196 1607 2257 1680 illa
2272 1635 2339 1703 po·

1350 1706 1444 1775 litica
1467 1718 1501 1774 et
1525 1704 1769 1793 gubernatrice
1796 1705 1980 1775 civitatum
2005 1708 2194 1795 sapientia,
2228 1736 2337 1805 quam

317 1795 363 1886 s·
413 1811 525 1905 Saepe
546 1810 780 1882 animadverti
795 1810 912 1878 valere
935 1807 1087 1896 ingeniis
1102 1800 1302 1899 Tyrigetos
1349 1802 1456 1876 isthic
1478 1830 1498 1874 a
1520 1804 1668 1875 summis
1690 1805 1777 1873 viris
1803 1804 1964 1894 ingenio,
1996 1808 2197 1880 eruditione
2220 1826 2255 1882 et
2280 1838 2338 1883 sa-

318 1906 418 2000 tuos,
448 1916 511 2007 qui
536 1914 677 1983 etolim
701 1909 961 1993 landuleum,
994 1922 1029 1979 et
1050 1908 1197 1989 deinde,
1222 1929 1301 1974 curn
1351 1906 1482 2001 pientia
1505 1907 1797 1977 antecellentibus
1819 1908 1938 1992 audis,
1961 1912 2042 1994 sed,
2064 1928 2235 2003 quantum
2260 1917 2338 1985 fieri

316 2012 409 2087 banc
433 2013 646 2086 Germaniae
667 2036 765 2098 oram
786 2012 830 2081 ad
856 2008 983 2080 lieram
1004 2004 1173 2105 (Geram)
1199 2030 1304 2076 occu·
1351 2022 1483 2102 potest,
1512 2008 1684 2096 integram
1716 2005 1965 2096 cognitionem.
2027 2007 2107 2080 Etsi
2137 2027 2255 2083 autem
2279 2017 2338 2087 vit

317 2130 465 2211 parunt,
495 2139 551 2198 res
577 2137 721 2203 magnas
751 2125 952 2202 gesserunt,
985 2135 1024 2179 ac
1053 2107 1207 2180 ubertati
1236 2105 1302 2176 soli
1352 2110 1491 2203 sapiens
1513 2122 1547 2177 et
1569 2108 1702 2199 gravis,
1729 2122 1829 2199 pater
1853 2122 1952 2193 tuns,
1984 2111 2090 2181 etiam
2115 2112 2191 2181 sine
2213 2115 2337 2214 meo’)

318 2211 465 2313 κράσεις
485 2240 672 2308 corporum
695 2238 776 2283 cum
801 2214 1055 2305 respondeant,
1081 2234 1227 2300 corpora
1245 2205 1304 2279 εὔ·
1352 2210 1501 2281 consilio
1525 2207 1779 2305 sententiam)
1809 2221 1905 2278 tuam
1934 2215 2125 2302 probabat,
2164 2216 2225 2306 qui
2247 2219 2340 2291 vidit

317 2323 417 2413 χυλα
441 2313 504 2389 καὶ
528 2312 749 2413 εὕκρατα“),
773 2337 896 2385 sensus
921 2309 1052 2382 habent
1074 2312 1242 2394 acriores,
1271 2321 1305 2379 et
1353 2311 1510 2403 exempla
1526 2310 1711 2403 utriusque
1727 2309 1864 2400 generis
1883 2326 1917 2384 et
1933 2313 2120 2383 salutarem
2141 2317 2248 2387 luisse
2271 2321 2341 2389 rei-

321 2420 569 2490 inclinationes
584 2420 628 2487 ad
642 2417 810 2487 virtutem
824 2417 934 2505 magis
950 2415 1109 2496 idoneas;
1129 2413 1250 2504 quade
1267 2432 1305 2478 re
1353 2413 1450 2505 publ.
1465 2413 1653 2503 perlectam
1675 2411 1892 2497 doctrinam,
1924 2427 1957 2483 et
1981 2438 2082 2507 saepe
2106 2419 2266 2489 nocuisse
2288 2423 2341 2490 ci-

319 2522 425 2592 credo
440 2534 487 2599 te,
503 2517 682 2589 bominem
698 2519 853 2594 doctum,
868 2538 970 2604 saepe
981 2513 1142 2602 cogitare.
1165 2508 1305 2602 Optan-
1353 2515 1456 2583 vibus
1480 2514 1715 2602 arrogantiam
1733 2512 1915 2584 doctrinae
1939 2515 2080 2585 inanem
2104 2519 2141 2587 in
2162 2522 2340 2610 guberna-

282 2701 284 2706 ,
321 2623 406 2690 dum
424 2622 532 2708 igitur
547 2631 693 2700 erat,ut
707 2615 829 2684 studia
840 2615 1020 2684 literarum
1038 2614 1198 2683 investra
1216 2612 1305 2681 civi·
1353 2614 1506 2685 toribus:
1543 2627 1663 2684 tamen
1684 2628 1720 2685 et
1740 2636 1820 2705 ego,
1847 2616 2064 2697 ulvoleba⁸‚
2088 2623 2131 2687 ²⁴¹
2152 2645 2233 2690 eum
2251 2626 2340 2694 scri-

321 2734 404 2803 tate,
412 2742 501 2811 quae
516 2718 565 2785 ibi
576 2718 663 2784 olim
678 2717 886 2799 floruerunt,
905 2715 1196 2796 instaurarentur,
1204 2737 1306 2804 prae-

322 2821 441 2889 sertim
458 2841 539 2888 cum
553 2811 619 2886 bae
636 2829 776 2886 nostrae
792 2817 988 2884 academiae
998 2817 1067 2882 sint
1081 2815 1118 2881 iu
1135 2815 1221 2883 locis
1237 2813 1306 2882 mi-

322 2944 389 2991 nus
413 2919 613 2989 salubribus
634 2932 668 2988 et
689 2916 914 3006 nonpossint
936 2917 1028 2983 alere
1049 2935 1211 3003 maguam
1234 2916 1306 2984 lre·

1353 2716 1408 2808 psi
1431 2715 1533 2807 eique
1552 2716 1711 2798 ostendi,
1736 2739 1817 2785 cum
1840 2716 2012 2786 iudicium
2035 2732 2134 2789 tuum
2155 2718 2245 2791 mihi
2261 2727 2341 2817 pla-

1353 2840 1447 2900 cere,
1462 2829 1539 2886 tum
1554 2840 1637 2886 vero
1651 2816 1795 2886 laudare
1813 2841 1868 2887 me
1884 2820 2098 2889 voluntatem
2113 2838 2220 2910 tuam,
2240 2830 2338 2919 quod

1354 2917 1661 2987 sontesdoctrinae
1682 2913 1861 3013 integre⁸)
1882 2942 2087 3008 cognoscere
2110 2947 2273 3013 cuperes,
2297 2942 2339 3000 ut

321 3022 513 3115 querulam.
537 3017 577 3087 ln
592 3009 1022 3088 adolescenteMelcltiore
1032 3011 1267 3085 Weidcnonn
1276 3012 1306 3107 ²)
1354 3033 1414 3089 tua
1433 3041 1540 3109 opera
1562 3017 1725 3087 salutaris
1747 3015 2008 3116 reipublicae⁶)
2023 3046 2094 3093 esse
2111 3040 2239 3115 posset.
2290 3027 2339 3099 ll-

323 3124 376 3190 ris
401 3121 537 3211 ingenii
562 3132 597 3189 et
622 3119 760 3187 indoles
782 3118 960 3208 praeclara
989 3130 1042 3186 est
1062 3119 1106 3184 ad
1130 3118 1246 3186 literas
1273 3128 1307 3184 et
1354 3119 1416 3190 lud
1435 3133 1551 3188 autem
1568 3131 1603 3187 te
1627 3142 1710 3200 oro,
1732 3144 1778 3189 ne
1801 3143 1842 3189 eo
1857 3145 1982 3213 parum
1999 3123 2195 3196 officiosum
2213 3155 2269 3198 me
2286 3132 2340 3200 iu-

322 3226 365 3293 ad
384 3223 567 3305 virtutem,
591 3234 627 3288 et
648 3219 925 3288 feliciterdiscit.
975 3215 1096 3305 Quare
1112 3231 1144 3285 te
1160 3242 1242 3297 oro,
1268 3229 1308 3285 ut
1355 3221 1467 3302 dices,
1496 3221 1593 3313 quod
1618 3244 1693 3289 uon
1716 3222 1833 3291 statim
1861 3223 1966 3291 etiam
1988 3224 2053 3294 tibi
2076 3232 2260 3318 respondi,
2302 3246 2340 3301 at

322 3348 402 3394 eirca
435 3321 612 3393 tutoribus
646 3319 883 3391 commendes.
946 3317 1058 3410 Spero
1091 3318 1204 3402 enim,
1241 3317 1308 3385 ali·
1356 3320 1508 3393 decebat.
1560 3319 1650 3390 Nam
1671 3320 1804 3391 interea
1827 3326 1997 3415 quaedam
2020 3324 2153 3415 ingrata
2176 3356 2217 3400 ac
2238 3357 2340 3402 aeru-

320 3435 456 3517 quanto
478 3434 559 3512 post
581 3418 661 3488 usui
685 3433 720 3489 et
743 3431 950 3489 ornamento
971 3419 1047 3488 lore
1072 3418 1208 3488 civibus
1228 3418 1309 3502 tuis,
1355 3443 1479 3490 mnosa
1494 3422 1613 3513 potius
1636 3417 1895 3511 impediverunt
1911 3419 1983 3494 hoc'
2004 3427 2168 3502 officium.
2220 3431 2342 3503 Ouare

325 3527 397 3592 imo
419 3519 595 3590 Ecclesiae
617 3518 685 3588 Dei
706 3518 856 3610 patriae,
883 3543 971 3610 quae
988 3542 1042 3586 res
1057 3535 1228 3609 quantum
1246 3521 1309 3588 de·
1356 3518 1447 3591 mihi
1462 3522 1600 3591 veniam
1618 3523 1729 3594 dabis.
1780 3523 1829 3594 Ut
1850 3541 1965 3595 autem
1989 3527 2220 3619 intelligeres,
2233 3499 2341 3603 karni·

325 3624 471 3705 cussit,
501 3636 540 3692 tu
569 3619 701 3711 optime
727 3617 912 3707 intelligis,
946 3618 1007 3712 qui
1031 3632 1082 3689 tot
1103 3621 1172 3689 iarn
1197 3642 1310 3690 annos
1357 3624 1476 3693 citiam
1490 3648 1547 3692 me
1563 3639 1659 3694 tuam
1678 3625 1918 3714 magnifacere,
1934 3626 2038 3697 etiam
2057 3654 2098 3698 ex
2115 3632 2275 3722 longiore
2289 3638 2342 3705 in-

325 3723 496 3813 singulari
512 3745 658 3792 munere
671 3718 739 3790 Dei
753 3719 904 3790 feliciter
925 3719 1100 3809 gubernas
1115 3717 1308 3792 Ecclesiam
1357 3725 1505 3796 tervallo
1534 3725 1601 3793 iam
1624 3725 1666 3792 ad
1688 3738 1721 3795 te
1743 3726 1969 3797 scribendum
1993 3753 2066 3799 esse
2088 3734 2185 3802 duxi.
2235 3734 2340 3806 Com-

325 3826 364 3895 in
378 3824 502 3915 patria.
553 3816 745 3893 Provehito
762 3822 872 3911 igitur
887 3815 955 3890 boc
970 3819 1150 3910 ingenium
1165 3836 1199 3891 et
1211 3825 1311 3892 simi·
1358 3827 1481 3916 plexus
1495 3849 1572 3894 sum
1589 3838 1622 3893 te
1638 3826 1829 3894 admodum
1848 3830 2103 3900 adolescentem
2122 3850 2267 3925 propter
2287 3840 2342 3907 in-

326 3928 374 3995 lia
396 3940 568 4019 quantum
587 3938 696 4015 potes.
748 3921 852 3993 Nunc
873 3922 1088 3991 valetudinis
1109 3926 1312 3994 eausaado-
1359 3929 1478 3998 dolem
1503 3940 1618 4009 tuam,
1651 3950 1757 4017 quam
1781 3931 1879 3998 etad
1903 3931 2021 3999 literas
2052 3945 2087 4001 et
2110 3937 2154 4003 ad
2177 3938 2343 4009 virtatem

326 4027 458 4095 lescens
479 4028 625 4094 domum
649 4023 752 4092 redit.
815 4021 924 4092 Mitto
957 4022 1024 4093 tibi
1049 4024 1242 4114 pagellam,
1273 4027 1311 4094 in
1360 4029 1526 4097 idoneam
1539 4050 1612 4097 esse
1628 4028 1743 4096 statim
1762 4028 1925 4098 iudicavi.
1978 4030 2018 4101 ld
2037 4038 2342 4109 cacumindicium

327 4152 396 4223 qua
410 4126 564 4219 precatio
580 4139 649 4207 est,
674 4148 781 4216 quam
798 4124 869 4194 tuis
885 4124 967 4192 tiliis
995 4147 1190 4215 proponere
1211 4140 1312 4218 pote·
1360 4141 1480 4220 postea
1504 4151 1626 4197 cursus
1647 4129 1846 4198 studiorum
1863 4144 2007 4201 tuorum
2025 4138 2284 4224 cotnprobavit,
2310 4156 2343 4212 et

326 4230 388 4302 ris.
439 4225 535 4296 Bene
549 4239 583 4296 et
596 4225 744 4296 feliciter
760 4224 849 4297 vale.
899 4222 967 4293 Die
982 4222 1148 4299 Brumae.
1362 4229 1514 4297 vicissim
1537 4230 1657 4299 multis
1680 4230 1749 4298 tuis
1772 4246 1805 4300 ot
1829 4234 1937 4321 patris
1963 4235 2085 4302 officiis
2105 4238 2345 4312 benivolentia

1362 4352 1442 4420 erga
1467 4355 1523 4399 me
1545 4342 1658 4399 vestra
1683 4331 1856 4401 declarata
1879 4347 1942 4406 est.
1995 4332 2095 4405 Hane
2111 4362 2194 4409 vero
2223 4343 2344 4412 amici-

1061 4411 1127 4491 Ph·
1147 4416 1200 4489 M·
1363 4433 1449 4503 tiam
1466 4445 1622 4501 nostram
1642 4432 1686 4500 ab
1708 4426 1893 4507 honestiss.
1919 4434 2030 4505 initiis
2045 4451 2179 4524 ortam,
2201 4465 2273 4511 non
2288 4468 2345 4513 so-

1363 4533 1439 4603 lum
1460 4547 1603 4624 propter
1623 4555 1736 4601 meam
1761 4533 1961 4630 causam⁷),
1987 4540 2047 4607 sed
2073 4539 2179 4610 etiam
2203 4558 2345 4635 propter

1363 4635 1538 4725 rempubl.
1565 4633 1657 4703 tucri
1679 4634 1796 4722 cupio.
1853 4632 1943 4704 Nam
1966 4639 2123 4729 privatae
2147 4645 2346 4716 moderato·

1363 4759 1443 4804 rum
1465 4730 1649 4802 hominum
1662 4735 1930 4805 coniunctiones
1943 4741 2123 4811 communi
2137 4743 2229 4813 vitae
2245 4748 2347 4817 utiles

1169 4848 1222 4908 11.
1240 4835 1314 4902 Dec.
1363 4847 1464 4917 scrut,
1491 4848 1525 4904 et
1538 4836 1581 4904 ad
1599 4829 1691 4903 banc
1712 4837 1916 4907 referendae
1937 4854 2018 4910 strat
2035 4845 2241 4932 praesertim
2267 4872 2347 4918 eru-

1362 4935 1518 5005 ditorum
1540 4934 1725 5006 amicitiae.
1776 4935 1893 5008 Velim
1918 4941 2043 5031 igitur,
2068 4944 2116 5012 ita
2136 4959 2289 5039 statuas,
2315 4962 2349 5018 te

338 4673 446 4686 ‚..-.0...
455 4669 811 4682 -..ορ-..Μηφ-

327 4828 394 4902 Νο.
410 4829 522 4901 8088.
584 4856 590 4866 ·

334 4924 505 4955 m

600 5026 717 5116 Gutt.
746 5030 905 5124 Rinck,
933 5022 1049 5135 filio.

398 5204 475 5274 t&
488 5221 539 5276 epo
559 5204 643 5279 repbo
657 5207 722 5263 eod.
734 5202 978 5326 Gett.191.(p⁷t
1011 5204 1123 5278 Legitur
1134 5207 1206 5263 eliud
1220 5229 1312 5281 apogr.
1395 5227 1423 5296 1)
1442 5225 1720 5293 cod‚(;01h,0mp,·,

423 5274 453 5327 in
471 5274 532 5329 eod.
575 5278 736 5330 udienorum
754 5274 783 5326 in
806 5271 870 5325 bibl.
913 5272 956 5327 uel
1024 5277 1051 5330 b.
1071 5275 1134 5333 eod.
1154 5277 1216 5333 214.
1237 5299 1292 5350 quo

427 5342 477 5396 ribi
491 5343 691 5414 descripserunt
705 5339 856 5394 Olsbauseo
873 5350 900 5393 et
915 5341 961 5397 tat
990 5354 1043 5401 nst.
1077 5342 1150 5400 ldem
1167 5366 1262 5422 apogr,
1283 5349 1312 5405 in
1393 5311 1422 5380 2)
1440 5310 1510 5367 001·
1521 5312 1633 5367 ΜΟΜ·
1646 5323 1705 5368 lua·

427 5413 490 5467 cod.
504 5412 617 5469 Monac.
629 5411 671 5465 88.
684 5426 731 5463 uo.
748 5408 797 5467 lV,
811 5426 839 5480 p.
853 5407 940 5464 1158.
1394 5394 1423 5465 8)
1439 5398 1501 5449 eine
1512 5400 1593 5460 meo]
1613 5395 1675 5448 cod.
1697 5393 1778 5449 Goth.
1800 5398 1858 5451 191.
1876 5413 1943 5463 saw,
1967 5400 2029 5454 cod.
2045 5399 2163 5472 Guelpb.
2185 5405 2262 5467 rine3
2286 5404 2347 5461 eod.

1430 5463 1541 5517 Monac.
1558 5464 1619 5515 eine
1636 5479 1708 5515 cneo.

1394 5549 1428 5620 4)
1445 5548 1514 5606 God.
1530 5546 1611 5601 Goth.
1630 5551 1807 5611 rapientium.

1396 5631 1425 5700 8)
1444 5629 1515 5684 cod.
1531 5628 1647 5701 Guelpb.
1661 5631 1798 5695 rutenae.

1394 5716 1423 5783 6)
1441 5715 1560 5780 celeuil.
1574 5711 1674 5767 excidit
1686 5731 1702 5765 e
1714 5715 1776 5768 cod.
1791 5715 1873 5773 Gora.

1395 5801 1424 5869 t)
1442 5797 1511 5854 Cod.
1526 5796 1639 5852 Monac.
1652 5798 1744 5851 sotum
1756 5817 1822 5855 meo
1834 5821 1936 5861 um.
2000 5849 2003 5854 ,

330 5585 530 5602 —m

359 5704 390 5768 1)
408 5700 544 5771 Descripsi
559 5696 598 5752 uti
611 5696 639 5750 in
653 5697 807 5754 codflotb.
820 5701 950 5772 leguntur
962 5709 987 5756 et
1000 5698 1126 5756 distincte
1139 5712 1212 5756 sunt.
1261 5667 1267 5684 ¹

359 5804 390 5868 2)
407 5801 450 5859 Ci.
462 5819 505 5874 ep,
519 5799 553 5854 ed
566 5795 689 5870 hugum
704 5802 730 5858 d.
745 5804 771 5858 1.
785 5803 843 5859 len·
860 5801 931 5857 1515.
