5325 6917
796 717 798 722 ·
879 706 1314 787 umsronluuu
1371 661 1578 791 munt.
1634 694 1812 799 1545(
2212 658 2223 675 δ
2282 748 2358 820 eso
2417 792 2420 796 ,

410 881 587 953 Filiorum
610 874 799 977 geneses²)
824 881 891 953 tibi
909 883 1023 977 mitto.
1076 881 1192 951 Valde
1208 884 1306 953 diffi-
1358 902 1518 957 amanter
1541 890 1685 967 scribas.
1745 891 1965 971 Adliciamur
1988 912 2236 983 communibus
2260 922 2355 990 euris
2463 967 2465 972 -

307 988 381 1067 cilex
395 999 447 1056 est
472 1008 669 1077 repugnare
689 998 847 1056 naturae.
894 979 1216 1069 Video‘Iustinum
1233 1009 1306 1056 esse
1356 984 1420 1059 καὶ
1437 987 1598 1089 στοργῂ,
1624 1010 1664 1064 ut
1682 998 1781 1069 decet
1805 996 1966 1074 homines
1990 1010 2120 1079 amicos
2145 1018 2354 1094 etdoctrina

306 1089 507 1159 feroculum
525 1101 559 1158 et
575 1090 681 1157 decus
699 1086 738 1154 in
752 1110 791 1154 re
806 1086 952 1157 militari
968 1088 1306 1171 consecuturum‚si
1357 1093 1525 1166 excultos.
1577 1092 1781 1171 Benevale.
1833 1103 1954 1176 Pridie
1973 1107 2056 1179 Idus
2071 1111 2311 1204 Septembris.

307 1191 475 1263 militiam
498 1201 721 1282 sequeretur3
747 1189 808 1257 sed
824 1187 1048 1257 difficultates
1065 1188 1172 1257 etiam
1188 1190 1306 1258 mina-
1828 1202 2016 1301 Philippus
2029 1202 2242 1288 Melanthon
2289 1175 2298 1196 ι

309 1307 371 1365 tur
384 1292 512 1362 Martis
531 1306 564 1361 ct
576 1290 724 1361 Saturni
738 1289 927 1381 oppositio.
977 1288 1208 1359 Frenandum
1231 1314 1304 1361 esse
2245 1274 2255 1294 ο

308 1392 426 1481 adhuc
450 1394 579 1463 iudico.
631 1391 853 1462 Deliberabis
878 1405 1015 1477 autem,
1041 1416 1088 1461 an
1112 1393 1201 1462 velis
1224 1418 1305 1463 eum
1400 1447 1418 1461 .

308 1511 371 1568 aut
402 1497 554 1566 scribam
585 1518 657 1563 esse
681 1497 777 1586 apud
801 1494 1215 1586 aliquem'bellatorem,
1245 1507 1306 1564 aut
1358 1522 1424 1594 No·
1441 1526 1554 1601 3267·

306 712 383 790 849

2094 1424 2101 1429 ·
2117 1425 2368 1443 ’,ὴ-ἡκ

310 1600 509 1669 studiosum
536 1597 718 1666 doetrinae
740 1597 1011 1669 causidicorum.
1064 1593 1123 1665 Ad
1139 1592 1224 1667 haec
1240 1600 1308 1667 erit

309 1700 471 1770 idoneus.
510 1698 676 1768 Nostram
690 1699 886 1767 tenuiorem
902 1692 1164 1789 philosophiam
1182 1711 1216 1767 et
1232 1701 1305 1768 dis-

269 1803 271 1808 ’
308 1803 525 1894 putatioues.
542 1800 649 1869 exiles
672 1800 986 1889 geometricorum,
1021 1796 1249 1895 physicorum
1273 1815 1307 1870 et
1404 1802 1408 1809 ’

311 1900 513 1975 ethicorum
538 1924 612 1971 non
635 1903 813 1977 tractabit.
863 1899 963 1970 Bene
988 1904 1077 1975 vale.
1104 1902 1161 1972 die
1186 1902 1222 1975 9.
1241 1902 1305 1974 Se-

308 2005 493 2099 ptembris.
575 2033 591 2059 ο

797 2099 987 2197 Philippus
1003 2098 1230 2200 Melanthon.

316 2342 487 2354 ——n—
997 2346 1303 2357 -0———u-—n—-n

310 2486 380 2561 No.
397 2487 508 2562 3266.

317 2581 490 2613 m

1127 2505 1184 2565 12.
1200 2493 1308 2577 Septb.

1130 2586 1302 2614 m

655 2684 699 2773 C.
729 2686 967 2777 Pannonia.

411 2847 497 2922 Epist.
513 2849 561 2905 lib.
580 2847 614 2905 V.
632 2869 659 2923 p.
678 2850 731 2905 284
743 2870 784 2923 sq.

311 2996 659 3103 Christoplroro
689 3002 942 3081 Pannonio
978 3006 1145 3097 (doctori
1175 3000 1308 3083 Theoi.

258 3156 259 3159 ,
607 3107 647 3177 in
673 3105 789 3179 Acad.
814 3107 1018 3209 Francos.)

258 3255 278 3308 i*
311 3226 359 3317 S·
385 3244 431 3320 D.
494 3241 620 3327 Τίττιξ
645 3242 717 3340 μὲν
741 3240 880 3344 τέττιγι
906 3240 1032 3341 φίλος,
1065 3238 1236 3341 utiquam
1268 3242 1309 3319 di

311 3343 483 3446 μύρμαξ,
517 3350 633 3441 inquit
659 3348 781 3419 Poeta.
841 3346 881 3416 ld
916 3372 995 3417 cum
1026 3363 1153 3419 natura
1177 3352 1310 3434 doceat,

311 3474 367 3521 res
382 3453 537 3520 minutas
553 3476 628 3520 non
646 3453 689 3520 ad
706 3449 952 3519 aeternitatem
968 3450 1146 3529 conditas,
1174 3454 1235 3519 sed
1262 3455 1306 3521 ad

312 3552 430 3640 vitam
444 3576 639 3643 paucorum
668 3552 865 3633 mensium,
903 3566 944 3621 ut
974 3575 1036 3621 sua
1058 3551 1309 3623 coniunctione

313 3657 550 3740 delectentur,
588 3679 735 3746 eamque
762 3667 947 3736 tueantur,
983 3655 1114 3724 mirum
1144 3669 1214 3735 est,
1247 3678 1310 3723 cur

311 3780 379 3827 nos
404 3753 566 3849 homines
589 3757 728 3826 ratione
753 3757 962 3840 instructos,
988 3772 1171 3849 questam
1196 3757 1308 3824 multa

312 3859 455 3928 vincula
478 3860 669 3948 colligunt,
695 3883 770 3928 non
793 3860 962 3928 faciamus
979 3859 1085 3931 idem.
1138 3857 1206 3928 Sed
1225 3882 1309 3949 pro-

312 3962 405 4031 fecto
427 3984 490 4049 ego
513 3962 583 4029 mci
604 3961 742 4029 ordinis
763 3956 926 4029 homines
949 3974 984 4029 et
1004 3984 1084 4028 amo
1100 3973 1134 4029 et
1150 3984 1310 4044 veneror,
1332 3995 1336 4022 t

313 4087 353 4133 ac
377 4057 468 4130 mihi
489 4076 694 4153 perpetuam
710 4086 789 4130 cum
804 4062 928 4143 bonis,
954 4062 1067 4130 doctis
1086 4075 1120 4130 et
1134 4061 1202 4150 piis
1221 4062 1309 4131 ami-

314 4164 432 4236 citiam
449 4187 522 4234 esse
537 4166 630 4237 volo.
682 4156 853 4257 τεύκριον
874 4162 942 4233 tibi
957 4163 1082 4244 mitto,
1109 4164 1237 4232 melius
1254 4164 1310 4255 pi-

314 4281 409 4339 ctum
426 4291 532 4357 quam
548 4281 650 4336 antea
667 4266 862 4355 pinxeram.

1633 1732 1783 1816 lancie.
1811 1731 2067 1828 Camerario.

1427 1881 1512 1954 Epist.
1526 1888 1561 1940 ad
1580 1887 1719 1943 Camerar.
1732 1909 1761 1961 p.
1776 1891 1827 1946 537
1839 1915 1880 1967 sq.
1896 1896 1951 1965 (ed.
1966 1896 2054 1955 Lond.
2069 1900 2118 1958 lib.
2133 1904 2178 1961 lV.
2193 1926 2219 1978 p.
2232 1913 2315 1985 686.).

1358 2029 1583 2113 Clarissimo
1610 2045 1687 2115 viro
1710 2047 1912 2122 eruditione
1939 2064 1971 2123 et
1996 2057 2125 2132 virtute
2148 2077 2360 2163 praestanti

1447 2139 1606 2221 [uach.
1633 2140 1697 2219 Cu
1708 2176 1753 2221 m.
1779 2147 1871 2223 Pub.
1899 2158 2019 2229 amico
2044 2187 2113 2233 suo
2137 2171 2265 2249 carba.

1359 2254 1401 2343 S.
1429 2275 1474 2351 D.
1531 2279 1631 2351 Duos
1654 2288 1699 2355 ad
1722 2300 1756 2356 te
1780 2304 1937 2363 oratores
1962 2297 2064 2368 mitto
2088 2300 2291 2398 Lycurgum
2323 2331 2357 2387 et
2460 2320 2495 2385 ’.

1359 2370 1523 2449 Paulum
1546 2399 1709 2455 nostrum
1724 2385 1776 2484 ¹),
1802 2393 1902 2464 cuius
1923 2399 2066 2491 quidem
2090 2411 2357 2488 suavitatem-et

1361 2484 1517 2551 cniditos
1539 2508 1718 2557 sermones
1742 2514 1843 2582 spero
1866 2521 1941 2565 non
1965 2502 2083 2571 minus
2100 2507 2165 2576 tibi
2181 2515 2357 2607 voluptati

1360 2584 1454 2668 sore,
1494 2609 1600 2676 quam
1635 2589 1735 2659 illam
1770 2609 1922 2667 veterem
1958 2598 2113 2674 Atticam
2147 2616 2356 2706 orationem,

1362 2709 1451 2776 quae
1477 2701 1529 2755 est
1552 2712 1635 2756 sane
1658 2692 1783 2767 dulcis.
1836 2696 2006 2774 Frontem
2029 2707 2358 2810 sortassecorruga·

1360 2787 1416 2855 bis
1430 2787 1548 2877 legens
1564 2806 1721 2861 nostram
1730 2790 1912 2868 horridam
1931 2809 2269 2895 praefatiunculam.
2286 2822 2358 2894 Sed

1361 2889 1427 2956 seis
1443 2914 1550 2980 quam
1564 2891 1675 2962 multa
1693 2918 1759 2963 nos
1776 2900 1813 2965 in
1829 2904 2017 2975 scribendo
2039 2909 2256 3005 impediant,
2309 2921 2359 2997 Et

1360 3003 1521 3059 metuens
1556 2988 1780 3066 Aristarchos
1817 3016 1958 3074 nostros
1991 3009 2138 3081 delabor
2167 3019 2204 3085 iu
2238 3028 2356 3097 nescio

1362 3116 1467 3183 quam
1484 3092 1761 3193 ψυχρολογίαν,
1788 3127 1868 3172 cum
1885 3108 2026 3199 quidem
2043 3114 2087 3179 de
2103 3119 2235 3204 patria,
2263 3130 2357 3195 etde

1361 3191 1517 3312 licclesia
1535 3199 1686 3278 dicenti,
1714 3225 1779 3271 nec
1798 3206 1914 3291 desint
1929 3213 2052 3296 verba,
2079 3239 2144 3285 nec
2169 3238 2289 3308 pectus
2311 3229 2357 3299 sit

1362 3319 1437 3364 sme
1454 3321 1559 3367 sensu
1582 3314 1617 3368 et
1634 3316 1745 3376 motu.
1798 3305 1960 3380 Proiecto
1984 3314 2031 3383 ita
2049 3312 2275 3395 vehementer
2300 3331 2358 3399 su-

1362 3400 1503 3468 roribus
1532 3424 1654 3469 eorum
1679 3406 1839 3495 quitum
1866 3414 2032 3501 patriam,
2076 3432 2150 3487 tum
2181 3420 2356 3500 Ecclesias
2384 3469 2390 3479 ·

1362 3502 1594 3620 ⁰9¹¹⁰⁰²i¹3¹¹²t
1615 3504 1766 3591 irascor,
1792 3524 1832 3579 ut
1850 3536 1952 3603 saepe
1969 3519 2181 3607 cogitatione
2195 3546 2357 3603 commu-

1362 3626 1461 3670 nium
1478 3628 1698 3673 miseriarum
1719 3634 1809 3698 pene
1825 3617 2013 3690 exauimer.

1464 3703 1604 3792 Quaeso
1639 3720 1672 3774 te
1708 3714 1880 3799 praefecto
1915 3713 2077 3789 exhibeas
2112 3723 2292 3815 libellum,
2323 3749 2357 3804 et

1362 3806 1478 3874 verbis
1496 3831 1610 3878 ornes.
1661 3802 1834 3879 Francos
1851 3811 2054 3915 hospites²)
2072 3847 2173 3913 spero
2201 3854 2274 3899 non
2299 3834 2357 3901 in-

1362 3908 1514 3976 suaviter
1532 3911 1626 3998 apnd
1643 3932 1706 3977 nos
1721 3914 1839 3982 luisse.
1891 3915 2176 4010 Complectamur
2192 3932 2295 4019 tales,
2316 3950 2357 4007 ut

1361 4007 1492 4076 Paulus
1515 4008 1649 4100 inquit,
1692 4016 1738 4105 τῇ
1764 4011 1989 4115 φιλαδελφίᾳ
2014 4025 2063 4104 ei,¹
2093 4024 2271 4123 ἀλλήλους
2293 4063 2356 4132 φι-

1363 4102 1568 4207 λόστοργοι.
1620 4111 1719 4183 Bene
1737 4118 1826 4190 vale.

417 4360 582 4436 Polonus
596 4366 731 4463 filiae*)
749 4367 869 4439 literas
883 4362 974 4435 mihi
993 4368 1112 4436 attulit
1133 4361 1310 4436 honestis·
1364 4428 1399 4436 -.

263 4529 271 4554 ,
313 4471 400 4539 sime
426 4469 582 4558 scriptas.
634 4468 781 4554 Narrat,
808 4494 844 4537 se
867 4482 1027 4539 amanter
1047 4468 1220 4537 acivibus
1235 4467 1310 4541 Re-

314 4571 553 4663 giomontanis
569 4572 730 4650 tractari,
748 4585 781 4640 et
796 4569 998 4662 Principem
1015 4571 1200 4640 ostendere
1215 4571 1310 4639 mul·
1332 4605 1335 4628 ι

314 4689 367 4746 tas
384 4672 652 4741 benevolentiae
668 4673 950 4766 significationes.
998 4671 1039 4740 ln
1055 4667 1123 4741 hoc
1138 4696 1223 4741 vero
1239 4684 1308 4740 tarn
1331 4633 1336 4792 l

313 4776 511 4868 longinquo
528 4774 633 4844 exilio
650 4769 744 4842 nihil
760 4775 918 4845 sibimeo
935 4775 1059 4844 dolore
1077 4774 1214 4844 tristius
1228 4798 1310 4843 esse.
1333 4797 1336 4808 ·

314 4876 368 4947 Te
397 4900 502 4965 rogo,
536 4878 642 4947 ut'ad
674 4900 769 4961 eam,
803 4901 883 4945 cum
918 4872 1066 4946 habebis
1096 4878 1311 4961 tabellarios,

316 5068 502 5081 -u—

348 5167 376 5236 5)
396 5164 523 5220 Adiectae
538 5176 600 5218 sunt
613 5167 743 5238 epistolae
760 5166 829 5221 duae
841 5163 978 5236 pagellae,
992 5165 1105 5236 genesin
1119 5164 1239 5220 filiorum
1247 5167 1311 5220 Me·
1333 5161 1337 5222 l

385 5235 424 5289 nii
445 5234 631 5300 continentes,
649 5255 719 5304 una,
737 5235 770 5289 ad
790 5235 944 5288 Eusebium
957 5234 1080 5287 Meuium
1101 5244 1240 5304 spectans,
1258 5255 1310 5288 na·

384 5314 443 5356 tum
461 5321 534 5355 anuo
558 5304 652 5370 lm,
674 5305 889 5371 characteribus,
935 5305 1034 5356 ositum
1058 5304 1179 5356 siderum
1206 5304 1311 5357 descri-

384 5371 526 5432 bentibus,
547 5370 642 5441 plena.
666 5376 710 5427 cui
729 5372 888 5443 subscripsit
908 5322 1023 5442 itttippt
1046 5389 1143 5425 manus
1163 5371 1216 5428 boc
1236 5374 1310 5425 iudi·

385 5443 473 5496 cium:
497 5442 625 5505 pericula
643 5459 682 5493 ex
697 5444 822 5510 lapsibus
843 5450 869 5492 et
884 5443 1039 5493 inimicitiis
1058 5459 1181 5508 magna,
1197 5446 1247 5495 sed
1265 5444 1311 5493 ia·

383 5513 464 5576 genio
485 5512 568 5561 ualet.
616 5508 708 5562 Altera
727 5512 760 5565 sd
780 5510 918 5563 Iustinum
934 5510 1057 5564 Meuium
1081 5520 1198 5581 special,
1217 5520 1309 5564 uatum

383 5577 450 5631 ‹1:7.
464 5576 534 5632 Nov.
558 5578 649 5640 1524„
666 5597 697 5631 ae
719 5597 752 5630 ue
770 5578 863 5649 figuris
881 5581 999 5634 siderum

383 5648 433 5699 bus
445 5646 630 5704 circumdata,
643 5644 689 5700 cui
699 5598 845 5718 l‘hilippns
860 5668 943 5702 manu
957 5668 1005 5702 sua
1021 5600 1075 5703 boc
1089 5647 1245 5703 vaticinium
1262 5648 1310 5702 ad·

288 5745 294 5754 ·
382 5714 507 5785 scripsit:
524 5716 644 5784 inquieto
659 5717 770 5784 siscensis
784 5726 843 5788 est,
862 5723 940 5770 etad
953 5720 1069 5786 negotia
1078 5716 1185 5772 Martia
1196 5736 1311 5771 accom-

386 5788 513 5836 modato.
1334 5793 1338 5864 Ι

1041 5580 1140 5633 ositum
1162 5577 1311 5633 indicanti·
1334 5605 1337 5637 ι

348 5885 378 5951 *)
396 5886 512 5952 Annae,
532 5883 625 5938 Sabini
641 5881 742 5938 ureris.
1334 5871 1339 5954 1

318 5998 501 6064 Mensura.
530 5996 635 6063 Oeen.
687 5994 770 6060 Vct..
797 5993 841 6060 V.

1361 4568 1467 4643 Nus
1495 4569 1556 4644 68.

1368 4666 1539 4694 Μ

1638 4770 1693 4855 H.
1716 4768 2083 4886 Baumgarinem.

1431 4923 1692 5068 Epii0.¹ibpvai's.p'
1706 4931 1763 4984 113.
1785 4961 1820 4970 -
1856 4930 1908 4988 llic
1920 4953 1949 4986 ex
1971 4939 2137 5009 autographo
2159 4939 2268 4999 in'cod.
2288 4948 2354 5030 ⁵¹⁰7

1362 5145 1522 5227 Clarias.
1545 5136 1623 5223 diro
1652 5194 1696 5209 -·
1724 5151 1778 5231 D.
1803 5157 2083 5257 Hieronymo
2098 5162 2354 5264 Borngart-

1363 5277 1488 5341 nero,
1513 5252 1692 5326 Senatori
1704 5254 1974 5354 Noribergensi
1982 5321 1991 5349 ‚
2009 5265 2127 5338 amico
2142 5295 2209 5359 suo
2227 5276 2355 5355 cariss.

1363 5366 1406 5455 S.
1433 5383 1478 5458 D.
1530 5387 1607 5457 Scis
1626 5389 1699 5480 ipse
1716 5416 1780 5483 pro
1797 5408 1855 5464 tua
1872 5396 2042 5487 sapientia
2058 5404 2143 5494 quid
2159 5413 2314 5495 potuerit
2334 5440 2355 5484 a

1334 5478 1509 5580 'privatis
1546 5485 1771 5582 hominibus,
1810 5499 2014 5587 praesertim
2054 5509 2165 5575 nostri
2206 5513 2354 5602 ordinis,

1397 5732 1423 5800 1)
1443 5731 1560 5814 Lycurgi
1576 5738 1724 5809 orationem
1747 5737 1814 5803 (vid.
1828 5738 1903 5795 dio.
1917 5743 2013 5814 Aug),
2032 5764 2111 5816 quatu
2126 5746 2226 5803 Paulus
2241 5752 2344 5811 Eberns

1431 5800 1548 5872 Lipsiam
1564 5805 1701 5875 proiectus
1712 5843 1720 5873 ,
1731 5808 1851 5860 -tradtdit
1865 5809 2030 5868 Camerario.
2346 5797 2354 5829 ’

1396 5887 1426 5954 2)
1445 5886 1662 5964 lios'ccmitatus
1676 5901 1718 5945 est
1733 5891 1847 5948 liberos.
1886 5896 1928 5952 Cf.
1944 5899 2024 5954 etiam
2039 5919 2081 5970 ep.
2096 5899 2123 5956 d.
2136 5901 2180 5961 24.
2195 5908 2266 5978 Aug.

1535 5993 1584 6066 54
