5325 6917
303 738 381 811 roa
439 694 446 701 ’
880 725 1319 824 ue1sr0nartu1u
1371 728 1478 806 utu.
1511 728 1580 806 rx.
1632 725 1764 805 154⁵.
2305 725 2378 799 sos

302 904 387 977 Deo
413 904 511 975 viam
536 913 656 985 tunm,
690 910 723 973 et
747 900 824 999 ipse
835 901 971 1001 societ.
1020 901 1153 974 Precor
1174 900 1303 988 Deum,
1356 908 1395 977 in
1410 905 1543 999 quibus
1558 904 1635 972 nati
1650 915 1754 987 sunt,
1779 923 1889 995 quam
1904 904 2075 975 atrociter
2088 874 2136 970 in
2153 912 2194 970 te
2210 898 2378 989 sevirent,

304 1025 347 1081 ut
369 1024 467 1100 regat
486 1022 691 1079 nostrorum
711 1004 919 1099 Principum
942 1006 1090 1093 consilia
1109 1019 1150 1076 et
1170 1006 1211 1074 in
1230 1005 1307 1112 Ly*
1356 1010 1387 1078 si
1404 1019 1558 1100 possent.
1611 1002 1750 1074 Vellem
1768 1004 1879 1093 igitur
1892 1018 1928 1075 te
1951 1031 2017 1098 per
2039 1006 2192 1077 litteras
2207 1017 2245 1072 ct
2261 997 2378 1071 homi-

307 1113 434 1183 caonio
449 1112 591 1202 negotio
607 1110 693 1179 etin
709 1107 799 1182 aliis.

407 1212 489 1283 Dux
509 1206 686 1280 Prassiae
715 1211 811 1279 bono
838 1209 956 1281 studio
979 1224 1189 1300 agnatorum
1217 1234 1305 1280 con-
1337 1273 1339 1279 s

308 1317 497 1387 troversias
516 1314 682 1382 dirimere
706 1326 852 1383 conatus
876 1325 946 1394 est,
973 1308 1067 1383 ἀλλὰ
1087 1312 1230 1385 οἴονται
1249 1306 1306 1384 τί·

308 1444 369 1498 ver
383 1412 604 1489 κωλυθέντα
616 1409 785 1512 γοητείας
802 1411 969 1494 αὐλικαῖς
988 1412 1180 1511 ἄπρακτον
1204 1410 1306 1514 dnti-

309 1545 384 1593 ναι.
435 1517 539 1589 Nunc
564 1541 657 1587 nova
679 1518 867 1588 transactio
893 1517 1103 1602 instituitur,
1138 1519 1200 1589 scd
1221 1512 1307 1587 h'aec

311 1623 448 1693 omitto.

413 1723 467 1793 De
492 1717 720 1792 Scholasticis
746 1721 898 1811 negotiis
925 1722 1044 1812 potius
1068 1722 1233 1796 scribam.

355 1838 365 1867 ³
414 1816 630 1893 Dichtelius
656 1824 778 1893 minus
807 1825 945 1915 patiens
975 1837 1028 1894 est
1055 1826 1170 1909 freni,
1201 1846 1310 1918 quam

313 1928 464 1997 debebat
491 1951 582 2012 csse,
615 1928 680 1995 etsi
702 1926 741 1994 in
763 1926 852 1994 meis
874 1926 1023 1995 aedibus
1045 1925 1223 1999 modestus
1247 1938 1327 2004 est,-

314 2032 375 2099 sed
401 2032 567 2098 adversus
591 2028 859 2119 praeceptorem
887 2041 940 2097 est
963 2041 1160 2102 contumax.
1213 2026 1311 2099 Scri-

313 2132 368 2201 hit
383 2134 428 2200 ad
446 2154 521 2215 me,
546 2142 586 2201 ut
599 2125 686 2200 haec
701 2131 869 2222 epistola,
895 2154 1001 2223 quam
1022 2125 1107 2200 huic
1130 2154 1228 2200 meae
1248 2130 1313 2199 ad-

315 2234 410 2313 didi,
437 2234 602 2305 ostendit.
654 2232 729 2301 Aut
753 2234 860 2322 igitur
875 2234 919 2300 ad
936 2255 998 2300 vos
1023 2256 1103 2302 eum
1119 2232 1312 2314 accersetis‚

315 2348 378 2405 aut
392 2335 494 2403 alteri
509 2334 734 2426 Praeceptori
750 2335 1051 2404 commendandus
1074 2336 1151 2408 erit.
1203 2334 1243 2405 Si
1268 2334 1312 2401 ab

316 2438 393 2530 ipso
418 2438 611 2528 composita
635 2449 685 2505 est
700 2432 878 2528 Epistola,
904 2436 1086 2524 ingenium
1101 2437 1134 2505 ei
1151 2460 1225 2504 non
1250 2436 1313 2503 de-

317 2562 389 2608 esse
411 2553 566 2630 apparet.
618 2537 737 2606 Velim
762 2553 796 2608 tc
819 2539 972 2606 liberare
993 2550 1115 2606 utrum
1139 2560 1313 2606 accersere

318 2664 398 2709 eum
415 2642 531 2708 velitis
547 2643 591 2708 ad
606 2637 827 2728 inspicienda
844 2639 919 2706 eius
934 2640 1062 2711 studia.
1110 2635 1165 2709 Ea
1179 2663 1236 2709 res
1251 2664 1314 2708 cu-

317 2765 394 2810 ram
412 2755 447 2811 et
461 2741 740 2809 sollicitudinem
757 2742 790 2808 ei
806 2741 1051 2813 circumdaret.

420 2837 488 2911 Est
504 2837 563 2910 hic
582 2843 785 2911 adolescens
802 2834 980 2911 Michael
998 2834 1223 2929 Chilianus‚
1248 2866 1315 2913 na-

318 2960 376 3015 tus
397 2945 437 3012 in
459 2944 548 3012 urbe
568 2958 682 3013 vestra
708 2968 749 3013 ex
765 2938 964 3039 Spoletini
983 2945 1108 3030 amita,
1134 2945 1230 3016 bono
1257 2947 1316 3014 in-

249 3091 257 3103 ·
319 3048 423 3136 genio
448 3047 649 3137 praeditus,
676 3047 738 3138 qui
762 3048 849 3137 petit
865 3047 1099 3137 stipendium,
1124 3073 1196 3140 quo
1219 3072 1316 3117 nunc

317 3149 451 3218 fruitur
466 3144 728 3242 Hieronymus.
780 3147 892 3216 Valde
909 3163 942 3217 te
959 3172 1040 3232 oro,
1065 3163 1106 3219 ut
1121 3146 1219 3218 hunc
1232 3144 1317 3219 Mi-

320 3243 482 3319 cliaelem
497 3252 660 3330 adiuves,
685 3263 743 3335 ut,
769 3274 850 3319 cum
860 3247 1111 3344 Hieronymus
1128 3252 1316 3344 relinquet,

321 3354 360 3420 in
381 3346 479 3421 hunc
506 3354 716 3421 beneficium
738 3353 921 3441 publicum
943 3355 1155 3424 conferatur.
1206 3352 1315 3424 Mitto

320 3454 387 3524 tibi
400 3452 607 3532 versiculos,
634 3455 697 3544 qui
713 3454 867 3523 citantur
883 3456 922 3523 in
937 3454 1134 3549 Lycurgica
1145 3456 1317 3540 oratione,

322 3556 385 3649 qui
402 3555 492 3624 tede
507 3555 579 3623 tuis
594 3554 774 3623 aerumnis
788 3557 1125 3643 commonefacient,
1147 3581 1235 3650 quas
1252 3583 1317 3649 pro

321 3657 442 3728 Patria
457 3670 489 3725 ct
505 3681 570 3747 pro
585 3655 743 3725 Ecclesia
759 3657 921 3730 sustines.
973 3658 1117 3728 Mittam
1135 3660 1220 3729 alias
1237 3661 1319 3753 plu-

323 3783 373 3830 ra.
424 3757 522 3828 Bene
542 3760 628 3832 vale.
656 3754 1071 3856 die12.Decemhris*).

828 3872 1018 3968 Philippus
1041 3872 1268 3950 Melanthon.

330 4115 856 4126 ,..---—---<...-.-...---.—.

960 4119 985 4127 ..-
992 4121 1096 4129 ——-.-.
1110 4123 1129 4128 ...
1212 4119 1308 4129 ...-...·-

324 4254 392 4331 No.
409 4257 522 4332 3350.

332 4354 505 4382 M

598 4443 746 4528 Ioucis.
782 4439 1041 4530 Comerorio.

1175 4278 1230 4339 12.
1246 4269 1321 4336 Deo.

1183 4365 1306 4388 Μ

369 4619 455 4690 Epist.
474 4622 506 4676 ad
526 4624 665 4680 Camerar.
682 4646 709 4698 p.
724 4625 775 4680 546
793 4645 833 4697 sq.
852 4621 911 4696 (ed.
929 4627 1019 4683 Lond.
1031 4627 1078 4683 lib.
1092 4628 1142 4683 lV.
1161 4647 1204 4701 ep.
1222 4629 1305 4696 694).

326 4769 552 4849 Clarissimo
579 4782 656 4850 uiro
678 4780 881 4857 eruditione
906 4798 938 4859 et
960 4787 1088 4859 virtute
1112 4789 1325 4886 praestanti

339 4876 588 4955 [oachimo
614 4873 889 4959 Carnerurio
913 4887 1157 4987 Pubergensi,
1190 4892 1309 4962 amico

706 5010 774 5056 suo
806 5015 934 5065 earrss.

215 5149 219 5157 ·
326 5092 369 5183 S.
395 5112 440 5187 D.
492 5115 608 5187 Multa
625 5119 776 5207 cogitavi
799 5116 855 5189 his
873 5123 998 5194 diebus
1013 5124 1057 5192 de
1073 5126 1143 5194 tuis
1157 5125 1323 5210 inimicis,

326 5217 554 5286 meminimus
571 5222 665 5289 enim
684 5247 790 5315 quam
805 5225 933 5294 stolide
949 5225 1137 5310 eluserint,
1164 5229 1223 5296 sed
1246 5229 1322 5296 elu-

328 5320 440 5388 serint
470 5332 589 5388 tamen
620 5326 792 5414 promissa
825 5331 868 5395 de
901 5330 1008 5398 fratre
1031 5327 1321 5403 Ratisbonensia.

330 5419 417 5491 Sum
433 5422 541 5511 igitur
564 5424 602 5490 in
620 5442 725 5499 metu.
778 5425 884 5520 Apud
904 5426 1149 5523 Hipparchum
1166 5449 1199 5503 et
1213 5432 1322 5526 Poly-

328 5538 459 5592 cratem
475 5522 663 5595 Anacreon
679 5528 716 5595 in
732 5524 867 5600 honore
887 5533 971 5613 luit,
998 5534 1201 5604 Simonides
1216 5536 1321 5603 etiam

328 5628 420 5715 apud
436 5622 672 5702 Phalaridem.
718 5627 780 5699 lsti
799 5659 881 5704 vero
897 5636 972 5704 illis·
984 5636 1134 5727 rupibus
1149 5637 1321 5723 duriores,

329 5812 556 5831 Ἢ

359 5917 386 5985 *)
409 5921 504 5973 Annus
520 5893 592 5975 'tsts
609 5924 661 5978 alia
681 5946 776 5981 manus
793 5927 946 5999 adscriptus
965 5937 1013 5984 est.

1244 1171 1248 1180 .
1357 1134 1420 1179 nes
1436 1110 1605 1188 idoneos,
1631 1120 1749 1199 petere
1767 1109 2049 1201 quamprimum
2064 1102 2118 1178 τὰ
2136 1099 2314 1201 νόμιμα,
2340 1119 2376 1176 ut

1358 1213 1407 1285 ita
1431 1211 1631 1296 nominem,
1657 1233 1748 1302 quae
1769 1209 1847 1278 iure
1869 1210 1937 1278 tibi
1956 1212 2157 1281 debentur.
2213 1206 2311 1278 Eam
2335 1210 2377 1279 oh

1359 1339 1435 1385 rem
1459 1308 1635 1384 utendur'n
1657 1312 1757 1381 ducis
1772 1304 1965 1381 Mauricii
1984 1314 2117 1383 litteris
2135 1332 2286 1384 censeo.
2333 1307 2375 1381 Et

1359 1418 1390 1486 si
1412 1417 1511 1487 voles
1530 1414 1677 1504 adiungi
1699 1411 1966 1499 Macedonicas,
2001 1411 2067 1484 has
2089 1439 2248 1509 quoque
2271 1414 2375 1505 impe-

1361 1519 1545 1590 trabimus.
1605 1516 1829 1606 Significahis
1851 1517 1961 1605 igitur
1986 1512 2098 1601 mihi,
2138 1517 2234 1609 quid
2259 1519 2373 1586 decre-

1361 1621 1464 1690 veris.
1528 1618 1612 1689 ldeo
1637 1633 1755 1687 autem
1776 1621 2026 1687 maturandam
2047 1644 2131 1688 rem
2163 1642 2315 1704 censeo,
2338 1633 2374 1688 ut

1362 1725 1392 1792 si
1406 1746 1502 1792 nunc
1517 1718 1648 1790 horum
1666 1721 1794 1790 litteris
1809 1744 1884 1789 non
1897 1721 2055 1790 obtineri
2072 1743 2137 1790 res
2156 1723 2305 1812 poterit,
2336 1722 2374 1789 in

1364 1837 1542 1896 conventu
1562 1812 1725 1905 Carolus
1742 1819 1831 1913 Imp.
1845 1824 2008 1908 adeatur,
2034 1824 2103 1893 ubi
2128 1838 2167 1893 te
2185 1838 2223 1893 et
2244 1824 2374 1914 praefe-

1365 1942 1441 1998 ctus
1457 1927 1578 1995 iuvare
1596 1924 1743 2016 poterit,
1770 1938 1804 1994 et
1826 1924 1857 1992 si
1872 1949 1913 1993 co
1927 1950 2078 2011 venero,
2109 1927 2372 1995 commendabo

1365 2051 1522 2100 caussam
1535 2027 1698 2097 Palatino
1713 2018 1925 2111 Friderim,
1952 2041 1986 2098 et
2008 2028 2113 2111 aliis,
2143 2051 2239 2121 quos
2262 2028 2374 2098 existi·

1366 2134 1469 2201 mabo
1497 2130 1650 2199 fideliter
1680 2151 1757 2197 eam
1790 2140 1928 2198 acturos
1953 2153 2037 2198 esse.
2088 2127 2152 2199 De
2184 2126 2245 2199 his
2275 2133 2374 2200 rebus

1366 2256 1495 2326 quaeso
1510 2231 1646 2325 aliquid
1662 2230 1848 2299 rescribas:
1876 2232 1941 2300 etsi
1955 2233 2052 2299 enim
2072 2232 2186 2301 brevi
2208 2233 2304 2303 istuc
2320 2258 2374 2301 ve-

1366 2336 1483 2418 niam,
1513 2331 1590 2403 Deo
1617 2333 1779 2416 iuvante,
1808 2344 2030 2403 tamencum
2060 2334 2289 2421 cogitatione
2315 2331 2374 2405 ha·

1366 2461 1447 2507 rum
1462 2460 1582 2505 rerum
1595 2434 1790 2504 admodum
1808 2449 1981 2516 exerceat,
2009 2436 2083 2504 imo
2111 2460 2204 2506 vero
2231 2438 2321 2506 iusto
2342 2448 2376 2506 et

1366 2539 1439 2609 acri
1456 2539 1539 2608 odiu
1560 2536 1779 2607 crudelitatis
1803 2537 1967 2622 ardeam,
1991 2561 2104 2631 quam
2127 2540 2293 2630 primum
2315 2539 2374 2608 ali-

1367 2641 1456 2735 quid
1472 2642 1516 2709 de
1530 2640 1602 2710 tuis
1621 2638 1779 2708 consiliis
1797 2637 1886 2706 scire
1900 2640 2019 2730 cupio.

1469 2741 1625 2812 Litterae
1652 2736 1722 2811 huc
1744 2736 1915 2807 Hiltneri
1936 2742 2064 2810 missae
2090 2756 2182 2813 sunt
2197 2740 2251 2837 ¹),
2290 2766 2375 2836 quae

1367 2844 1569 2936 significant
1586 2844 1659 2913 iam
1685 2836 1883 2910 Brentium
1911 2858 1946 2914 et
1969 2839 2183 2939 Sneppium
2202 2844 2377 2915 Ratisho-

1368 2972 1451 3017 nam
1466 2947 1615 3018 venisse.
1660 2937 1796 3014 Caroli
1812 2941 2040 3036 Imperatoris
2054 2960 2273 3016 metatorem
2285 2972 2377 3016 non·

1369 3052 1454 3119 dum
1472 3049 1523 3117 ibi
1538 3071 1627 3131 esse,
1653 3070 1718 3116 nec
1742 3046 1845 3132 sciri,
1869 3069 1959 3140 quos
1978 3042 2194 3139 Theologos
2211 3050 2376 3140 delegerit

1368 3154 1413 3221 ad
1431 3150 1662 3243 colloquium.

1470 3250 1573 3320 Hanc
1594 3251 1661 3321 tibi
1676 3250 1862 3341 epistolam
1885 3244 2069 3323 exhibebit
2082 3254 2203 3325 frater
2218 3249 2377 3322 Erusmi

1370 3349 1643 3433 Salveldensis‚
1695 3354 1809 3422 nostri
1844 3347 2163 3451 συμφιλοσόφου,
2214 3358 2376 3444 magister

1370 3449 1562 3525 Iohannes
1589 3449 1860 3540 Salveldensr's,
1895 3456 1958 3548 qui
1983 3468 2117 3527 natura
2142 3461 2192 3528 ad
2215 3455 2375 3528 Philoso-

1370 3554 1511 3651 phiam,
1534 3582 1608 3626 non
1631 3557 1748 3627 minus
1765 3583 1870 3651 quam
1886 3560 1994 3627 irater
2009 3559 2184 3641 ducitur,
2219 3574 2255 3630 et
2276 3583 2374 3628 exot-

1371 3662 1429 3730 dia
1453 3661 1629 3752 praeclare
1655 3673 1768 3744 tenet,
1794 3662 1854 3728 sed
1878 3660 2071 3750 patervult
2086 3686 2176 3731 eum
2200 3664 2302 3731 illam
2324 3685 2376 3729 sa-

1372 3764 1541 3855 pientiam
1553 3766 1632 3832 τῶν
1646 3757 1851 3833 δικανικῶν
1867 3762 2020 3845 discere,
2048 3788 2165 3855 quam
2178 3765 2293 3835 solam
2313 3787 2374 3853 pu-

1372 3880 1449 3936 tant
1470 3864 1672 3953 Quiritibus
1694 3864 1837 3953 dignam
1860 3887 1945 3938 csse.
1997 3861 2085 3935 Ideo
2116 3858 2277 3937 tra'ducit
2298 3888 2375 3934 eum

1371 3966 1541 4058 Lipsiam.
1606 3965 1746 4055 Quaeso
1783 3980 1901 4036 autem
1932 3980 1973 4037 ut
2007 3990 2093 4041 eum
2129 3970 2373 4064 complectare.

1372 4067 1463 4139 Nam
1481 4083 1516 4139 et
1531 4082 1741 4138 ornamento
1759 4082 1794 4137 et
1809 4067 1985 4159 praesidio
2001 4068 2073 4137 sibi
2088 4071 2172 4141 fore
2189 4070 2373 4141 amicitiam

1374 4183 1470 4240 tuam
1487 4186 1612 4262 sperat.
1646 4169 1728 4241 Scio
1745 4185 1861 4241 autem
1881 4184 1914 4241 te
1929 4183 1964 4240 et
1980 4171 2176 4260 ingenium
2193 4175 2264 4245 eius
2283 4186 2316 4240 ct
2333 4170 2374 4237 in

1374 4273 1473 4342 omni
1495 4273 1633 4342 actione
1650 4274 1930 4343 moderationem
1951 4296 2101 4363 prorsus
2116 4269 2256 4369 ἠθικὴν
2271 4273 2373 4341 valde

1373 4376 1607 4465 probaturum
1625 4396 1709 4447 esse.
1756 4374 1853 4444 Bene
1870 4389 1905 4445 et
1916 4375 2068 4443 feliciter
2085 4378 2184 4452 vale.
2216 4375 2373 4447 'Postrid

1374 4474 1541 4550 Brumae.
1593 4475 1710 4546 Tuam
1735 4479 1920 4569 epistolam
1941 4478 1982 4545 ad
2008 4471 2267 4550 Secretarium
2284 4472 2372 4547 Pru·

1370 4576 1530 4647 tenicum
1547 4579 1733 4669 scriptam,
1765 4581 1847 4649 misi
1862 4581 1906 4650 ad
1929 4579 2055 4649 urhem
2080 4577 2294 4675 ἐπώνυμον
2313 4578 2371 4674 ἄρ-

1373 4703 1466 4754 κτου
1480 4674 1655 4777 θηρόςῖ).

1890 4730 1894 4743 ·
1939 4779 2135 4877 Philippus
2151 4781 2329 4857 Melanth.

1390 5023 2371 5039 -—---—---.-..-v-.--b---—«---.—...—,-„-

1388 5178 1456 5255 No.
1473 5181 1585 5254 3331.
1668 5185 1670 5192 ’

1385 5278 1557 5307 Μ

1569 5366 1795 5449 Pantanus
1819 5363 1887 5447 »ad
1914 5363 2182 5454 Electorem.

1409 5525 1473 5592 †Ex
1487 5524 1654 5597 autographo
1661 5524 1779 5579 Pontani
1791 5524 1902 5579 indetis
1909 5522 2112 5582 Tabulvinsr.
2120 5528 2231 5601 Rigstr.
2240 5530 2277 5591 il.
2290 5551 2319 5606 p.
2326 5529 2378 5585 6⁰8.

1379 5674 1588 5688 -ια-ι--ι

1412 5768 1437 5834 1)
1457 5764 1519 5817 Vid.
1536 5783 1580 5818 eas
1598 5782 1680 5833 supra
1699 5761 1726 5816 d.
1741 5764 1764 5814 l.
1778 5760 1902 5830 Dccbr.,
1920 5770 1946 5815 ct
1965 5759 2113 5832 epistolam
2130 5766 2260 5827 Pontani
2281 5774 2315 5829 ad
2327 5772 2381 5828 Ete-

1444 5844 1549 5888 ctorem
1565 5833 1635 5886 iutra
1649 5831 1676 5886 d.
1695 5830 1736 5885 ts.
1750 5830 1837 5886 uecb.

1408 5921 1438 5991 2)
1457 5917 1629 5973 Berolinum.
1666 5915 1699 5972 C.
1712 5914 1769 5971 W.
1876 5967 1881 5972 .
