5325 6917
302 713 377 795 571
884 704 1327 787 EPISTOLARUM
1377 713 1485 793 LlB.
1512 714 1576 795 IX.
1630 716 1763 795 1645.
2249 715 2347 853 ‘6⁷2

305 885 550 982 voluptatum,
591 897 626 955 et
653 884 806 977 populus
830 883 1061 976 tranquillam
1093 883 1297 953 servitutem
1346 890 1451 959 nobis
1468 890 1636 960 omnibus
1653 914 1673 960 a
1689 891 1822 961 talibus
1845 890 2024 962 interdurn
2040 893 2256 963 contumelia
2282 894 2347 963 ad·

305 995 417 1085 magis
437 990 595 1073 amabat,
627 1011 734 1079 quam
755 986 897 1077 imperii
917 985 1083 1074 gloriam,
1109 1010 1198 1078 quae
1223 987 1299 1054 sine
1347 990 1415 1063 lici.
1467 989 1606 1061 Horum
1624 993 1795 1082 imagines
1811 994 1850 1061 in
1864 987 2005 1063 Plauto
2021 1009 2055 1064 et
2069 990 2244 1065 Terentio
2259 1019 2344 1088 pro-

306 1096 444 1187 maguis
464 1090 667 1173 laboribus,
696 1088 947 1158 certaminibus
969 1104 1003 1159 ct
1025 1088 1190 1179 periculis
1214 1088 1300 1157 reti·
1347 1093 1499 1183 positas,
1533 1094 1721 1183 diligenter
1744 1096 1925 1165 intueatur
1946 1098 2132 1182 iuventus,
2163 1112 2206 1167 ut
2230 1121 2342 1188 agno-

306 1199 386 1270 neri
401 1220 477 1265 non
493 1193 626 1286 pote'st,
651 1192 910 1261 transtulerunt
925 1187 1136 1259 Comoedias
1157 1191 1202 1258 ad
1224 1189 1301 1281 pri·
1348 1217 1462 1278 scere,
1485 1195 1622 1280 odisse,
1646 1209 1684 1269 et
1708 1197 1828 1285 fugere
1849 1222 2025 1279 morosos,
2059 1201 2249 1285 rixatores,
2285 1223 2345 1295 sy-

306 1314 488 1381 vatorum,
514 1296 586 1363 imo
604 1294 648 1361 ad
666 1294 855 1376 iuvenum,
877 1293 1103 1360 meretricum
1127 1305 1299 1361 etservo-
1348 1292 1558 1387 cophantas,
1598 1298 1817 1384 ardeliones,
1858 1315 2061 1389 arrogantes
2100 1316 2347 1389 assentatores,

307 1427 388 1472 rum
409 1401 532 1481 ludos,
564 1396 741 1488 pericula,
776 1408 810 1465 et
836 1395 1071 1485 inexpectatos
1094 1416 1212 1477 casus,
1237 1391 1300 1485 qui
1347 1422 1499 1490 quorum
1523 1398 1648 1489 plenae
1669 1414 1753 1469 suut
1775 1403 2220 1487 omnescivitatesdiscat.
2272 1403 2345 1475 Nec

306 1529 387 1575 cum
406 1502 518 1571 exitus
540 1511 625 1568 sunt
649 1497 752 1580 laeti,
772 1519 898 1585 magna
923 1520 1003 1564 cum
1029 1495 1211 1586 voluptate
1234 1519 1299 1565 au·
1348 1493 1541 1568 Terentius
1565 1500 1658 1591 ipse,
1684 1525 1764 1569 cum
1779 1497 1959 1572 Demeam
1987 1520 2020 1575 et
2033 1500 2345 1577 Mitiunem'con-

308 1606 467 1677 diuntur.
504 1597 553 1670 Et
568 1615 685 1670 tamen
702 1598 889 1669 consilium
907 1598 946 1665 in
962 1597 1204 1666 describendis
1219 1620 1300 1686 per·
1347 1601 1472 1686 ferret,
1498 1602 1591 1670 cives
1609 1605 1777 1673 obscuros
1802 1619 1836 1675 et
1856 1607 2030 1696 ignobiles
2048 1621 2164 1678 mente
2178 1610 2345 1680 intueba-

307 1708 404 1778 sonis
416 1708 511 1774 idern
526 1703 595 1772 fuit
610 1702 648 1769 in
664 1697 731 1770 hac
745 1725 836 1768 nova
852 1698 1056 1783 Comoedia,
1072 1700 1167 1792 quod
1185 1698 1222 1766 in
1238 1722 1301 1766 ve·
1349 1716 1417 1776 tur.
1468 1702 1539 1773 Sed
1555 1695 1713 1773 Catonis
1725 1707 1966 1777 morositatem
1979 1709 2171 1795 irridebat,
2198 1704 2345 1783 etLae-

307 1810 386 1881 teri.
436 1807 506 1878 Sed
523 1818 611 1875 tecte
626 1803 715 1872 lictis
734 1802 942 1872 nominibus
957 1815 992 1871 et
1012 1801 1160 1891 privatis
1178 1823 1301 1892 perso·
1350 1799 1396 1872 lii
1417 1827 1479 1873 seu
1502 1800 1689 1900 Scipionis
1712 1809 1918 1897 gravitatem
1946 1812 2090 1881 lenitate
2115 1826 2149 1883 et
2171 1815 2346 1883 suavitate

307 1912 364 1980 nis
392 1908 611 2000 potentiores
642 1906 951 1995 significabantur,
992 1915 1027 1971 et
1059 1903 1300 1971 miscebantur
1348 1918 1576 1997 temperatam
1593 1908 1771 1982 laudabat.
1824 1909 1876 1980 lta
1901 1913 1968 1981 erit
1985 1914 2125 1983 dulcior
2146 1915 2252 1985 lectio
2273 1914 2346 1985 Co-

307 2012 454 2085 consilia
471 2013 514 2080 de
530 2007 696 2078 omnibus
712 2007 809 2076 vitae'
820 2006 998 2098 partibus,
1023 2028 1062 2073 ac
1084 2016 1223 2073 tantum
1237 2026 1299 2071 ve·
1348 2008 1581 2093 moediarnm‚
1596 2033 1676 2079 cum
1688 2011 1795 2080 vitam
1808 2006 1996 2082 hominum
2012 2018 2347 2111 contemplabimur,

236 2170 239 2173 -
307 2114 456 2185 nustatis
479 2126 513 2182 et
533 2109 664 2201 leporis
688 2108 726 2176 in
741 2100 957 2176 Menandri
974 2106 1105 2176 fabulis
1126 2106 1216 2189 suit,
1238 2104 1301 2195 qui

181 2241 192 2263 ⁸
307 2232 411 2288 autor
431 2228 482 2285 est
503 2212 712 2303 praecipuus
733 2234 848 2279 novae
871 2206 1104 2291 Comoedias,
1137 2220 1177 2276 ut
1202 2207 1301 2275 ‹lixe-

307 2319 381 2389 rint
399 2317 462 2386 illo
479 2315 551 2383 sale
566 2334 769 2405 conspersas
785 2336 875 2397 esse,
889 2336 931 2381 ex
949 2336 1019 2404 quo
1032 2305 1178 2395 Venus,
1195 2331 1299 2401 quam

306 2422 447 2510 fingunt
466 2418 554 2487 mari
581 2430 716 2500 ortam,
755 2428 838 2484 nata
868 2412 1010 2486 dicitur.
1035 2412 1040 2424 ’
1068 2409 1160 2480 Cum
1185 2424 1301 2479 autern

307 2525 430 2592 eadem
444 2533 555 2590 aetate
570 2519 676 2587 multi
693 2509 850 2583 Athenis
865 2516 903 2583 in
920 2515 1045 2583 eodem
1067 2534 1193 2601 genere
1215 2510 1303 2579 scri-

306 2623 416 2693 bendi
433 2620 670 2700 elaborarint‚
694 2630 729 2685 et
753 2616 888 2705 egregia
904 2626 1132 2684 monumenta
1148 2613 1302 2705 plurima

306 2723 536 2815 reliquerint,
568 2740 782 2808 magnopere
815 2717 1009 2786 dolendum
1033 2728 1104 2798 est,
1137 2738 1199 2801 seu
1236 2708 1303 2783 bo-

308 2825 445 2893 minum
489 2820 670 2903 barbarie‚
711 2842 772 2888 seu
813 2832 958 2909 propter
991 2816 1122 2886 excidia
1157 2816 1302 2886 urbium

307 2926 428 2998 omnia
444 2924 605 2994 funditus
622 2920 807 2992 interiisse.
858 2918 948 2988 Nam
965 2931 999 2987 ct
1015 2943 1056 2987 ex
1070 2911 1228 2987 Latinis
1244 2930 1302 2987 ut-

309 3051 449 3122 cunque
471 3024 650 3096 aestimari
672 3035 803 3114 potest,
846 3034 1020 3113 quantum
1045 3020 1240 3090 venustatis
1263 3019 1301 3087 in

309 3125 464 3202 Graecis
486 3128 611 3210 fixerit,
649 3140 683 3197 et
706 3126 900 3213 fragmenta
922 3135 1007 3193 sunt
1030 3122 1301 3212 elegantissima3

307 3231 473 3324 Denique
500 3242 776 3300 consentaneum
803 3239 871 3307 est,
898 3221 1062 3294 homines
1081 3220 1220 3292 Atticos
1243 3223 1302 3289 in-

308 3334 423 3424 geniis
445 3345 479 3400 et
504 3330 705 3399 eruditione
734 3327 962 3410 excellentes,
997 3328 1116 3416 lepore
1150 3325 1243 3403 inter
1266 3346 1303 3391 se

310 3445 502 3514 certantes,
523 3454 602 3499 cum
625 3442 658 3497 et
682 3424 798 3496 honos
816 3441 905 3496 esset
921 3424 1003 3497 huic
1019 3428 1160 3511 studio,
1185 3440 1220 3496 et
1241 3425 1304 3493 alii

310 3538 356 3606 ab
370 3534 450 3603 aliis
464 3545 541 3601 tum
556 3530 809 3613 excitarentur,
835 3541 913 3597 tum
928 3529 1200 3614 adiuvarentur,
1226 3551 1301 3596 non

309 3638 464 3707 insulsos
488 3634 602 3712 iocos,
628 3631 749 3725 quales
773 3653 870 3698 nunc
893 3642 977 3699 sunt
997 3653 1198 3701 scurrarum
1214 3630 1305 3699 auli-

311 3763 452 3821 corum,
478 3736 517 3804 in
537 3730 673 3806 theatra
688 3731 865 3817 attulisse,
891 3733 951 3799 sed
976 3731 1152 3821 sapienter
1168 3734 1306 3823 excogi-

313 3856 382 3914 tata
398 3852 622 3929 argumenta,
649 3849 683 3906 et
701 3836 868 3904 varietate
891 3833 1093 3919 doctrinae,
1119 3848 1152 3903 et
1172 3836 1306 3903 oratio·

311 3946 369 4014 nis
384 3941 555 4012 suavitate
575 3937 777 4009 dulcissime
793 3949 928 4007 ornata.

398 4043 607 4134 ,Postquam
636 4064 719 4108 vero
743 4051 975 4107 monumenta
1003 4032 1134 4106 burum
1159 4036 1306 4106 interie-

312 4160 417 4231 runt,
442 4144 604 4238 reliquiis
619 4142 798 4224 fruamur,
822 4132 956 4207 Plauti
970 4152 1003 4208 et
1020 4133 1187 4207 Terentii
1201 4140 1301 4208 fabu-

313 4252 375 4335 lis,
391 4263 426 4320 et
441 4244 505 4317 bas
517 4245 656 4336 saepius
670 4246 843 4333 legamus,
859 4266 940 4313 cum
958 4254 998 4310 ut
1012 4264 1213 4309 sermonem
1221 4232 1305 4354 Lo-

312 4350 431 4423 tinum
447 4352 530 4419 inde
547 4344 772 4429 hauriamus,
797 4360 872 4414 tum
886 4368 970 4413 vero
985 4356 1025 4412 ut
1038 4366 1177 4412 morum
1192 4355 1226 4412 ct
1240 4367 1304 4410 vo-

314 4457 491 4525 luntatum
515 4448 823 4519 dissimilitudines
852 4447 892 4513 in
918 4445 1079 4536 personis
1103 4444 1305 4513 considere-

312 4578 402 4624 mus.
466 4550 581 4623 Aiunt
606 4543 856 4646 Antiphonem
882 4545 1067 4636 Comicum
1100 4542 1304 4616 Alexandro

313 4654 543 4728 Comoediam
562 4654 784 4737 recitantem,
809 4675 889 4720 cum
914 4650 1211 4719 animadverteret
1229 4646 1304 4719 Re-

314 4759 371 4848 gi,
393 4758 431 4825 in
450 4777 521 4846 quo
541 4753 722 4821 urbanitas
737 4766 772 4821 et
786 4752 956 4841 elegantia
972 4774 1109 4821 summa
1128 4762 1220 4836 crat,
1248 4750 1304 4818 in-

314 4860 425 4952 eptias
441 4856 576 4948 aliquas
590 4853 794 4943 displicere,
819 4855 966 4938 dixisse,
992 4853 1035 4921 iis
1061 4854 1204 4920 demum
1227 4852 1304 4941 pla-

314 4986 392 5034 cere
407 4955 632 5040 Comoedias,
657 4953 721 5046 qui
740 4965 774 5021 et
798 4952 865 5043 ipsi
880 4968 1166 5023 commessatores
1181 4965 1304 5037 essent,

314 5079 349 5136 et
366 5088 386 5134 a
403 5059 622 5132 mulierculis
638 5058 757 5148 plagas
771 5054 946 5144 accipere,
971 5068 1007 5123 et
1021 5054 1070 5122 eis
1087 5056 1170 5123 dare
1185 5054 1305 5145 plagas

313 5161 586 5237 consuevissent.

413 5265 548 5336 Natura
564 5263 708 5359 quidem
722 5260 772 5331 ita
785 5258 845 5344 fit,
869 5270 911 5329 ut
928 5257 1217 5327 maximeeorum
1242 5280 1304 5327 sen

313 5372 484 5441 ludorum
507 5389 568 5436 seu
591 5365 792 5436 studiorum
813 5360 1147 5431 commemoratione
1161 5383 1305 5429 movea-

313 5496 414 5555 mur,
434 5492 524 5564 quae
547 5466 776 5538 exercuimus.
828 5461 900 5534 Sed
923 5464 961 5531 in
984 5464 1116 5532 fabulis
1132 5486 1208 5532 non
1226 5474 1305 5531 tan·

1349 2124 1382 2179 et
1397 2134 1548 2202 quorum
1563 2114 1757 2202 pingantur
1771 2138 1905 2199 mores,
1929 2118 2263 2192 animadvertemus.

1452 2238 1598 2310 Interim
1624 2254 1657 2311 et
1689 2235 1758 2311 boc
1789 2245 1950 2337 proderit
1978 2246 2187 2333 iuvenibus,
2215 2250 2344 2335 videre,

1348 2339 1413 2411 ubi
1429 2364 1448 2409 a
1466 2343 1568 2412 iactis
1588 2344 1794 2432 vulgaribus
1812 2347 1927 2416 oratio
1947 2347 1992 2416 ad
2008 2344 2143 2419 Theses
2161 2366 2195 2421 et
2211 2354 2344 2442 gravis-

1350 2443 1518 2512 simarum
1534 2469 1654 2514 rerum
1672 2446 1851 2517 doctrinas
1876 2450 2117 2524 transferatur.
2171 2452 2344 2542 Queritur

1349 2567 1471 2614 servus
1490 2549 1583 2637 apud
1597 2540 1799 2630 Plautum,
1824 2575 1897 2620 non
1914 2552 2016 2620 reddi
2034 2566 2211 2628 mutuum.
2258 2555 2346 2627 lnde

1350 2671 1455 2739 quam
1463 2645 1650 2737 Tragicam
1667 2653 1845 2743 querelam
1864 2653 2015 2740 extruit,
2040 2655 2083 2723 de
2097 2656 2214 2746 legum
2232 2673 2266 2729 et
2280 2661 2346 2730 bo-

1349 2773 1481 2819 norum
1497 2775 1637 2819 morum
1655 2754 1861 2824 contemtu?

1392 2878 1518 2956 Mores,
1541 2878 1624 2962 leges
1648 2884 1853 2963 perduxerunt
1873 2885 1935 2946 ium
1956 2885 1989 2946 in
2013 2867 2189 2964 potestatem
2209 2908 2315 2954 snum:

1394 2964 1459 3026 Eae
1488 2964 1618 3027 miserae
1646 2968 1736 3030 etiam
1764 2972 1804 3031 ad
1832 2970 1978 3072 parietem
2011 2980 2082 3033 aunt
2111 2971 2191 3037 lixae
2219 2975 2319 3038 clavis

1392 3132 1452 3195 Ubi
1475 3133 1576 3196 malos
1599 3133 1691 3219 adfigi
1715 3138 1808 3201 nimio
1830 3057 2094 3231 tueieartnihinins.

1451 3281 1505 3353 De
1529 3310 1568 3355 re
1589 3311 1718 3379 magna
1739 3293 1972 3378 concionatur
1992 3318 2131 3380 servus,
2169 3310 2204 3366 et
2226 3310 2345 3368 tamen

1351 3386 1449 3455 iocus
1473 3400 1525 3457 est
1545 3391 1723 3461 admixtus
1753 3396 1927 3482 comicus,
1961 3396 2175 3487 deligendis
2204 3401 2249 3468 ad
2280 3425 2346 3492 pa-

1350 3488 1475 3559 rietem
1490 3484 1698 3563 bominibus
1718 3494 1902 3588 improbis.
1947 3496 2044 3569 Haec
2061 3505 2347 3588 commemoravi,

1351 3604 1393 3661 ut
1413 3592 1652 3664 adolescentes
1676 3602 1943 3670 commonefacti
1964 3603 2009 3670 de
2035 3602 2210 3687 consiliis,
2237 3629 2345 3698 quare

1352 3693 1510 3783 primum
1533 3696 1681 3787 scriptae
1705 3697 1922 3789 Tragoedias
1945 3718 1979 3773 et
1998 3700 2233 3790 Comoediae,
2254 3710 2345 3776 etde

1354 3819 1476 3864 earum
1504 3798 1656 3867 utilitate
1687 3800 1858 3872 libentius
1892 3829 1947 3873 eas
1981 3818 2017 3875 et
2046 3806 2187 3897 saepius
2217 3808 2344 3899 legant.

1354 3895 1527 3969 Promitto
1543 3901 1649 3968 etiam
1669 3902 1717 3970 eis
1737 3898 1803 3974 boc
1827 3922 2053 3991 eventurum,
2079 3922 2117 3976 ut
2134 3933 2206 4000 quo
2231 3912 2345 4001 legent

1353 4000 1510 4090 saepius,
1534 4026 1574 4070 eo
1592 4004 1702 4093 magis
1718 4008 1953 4078 admiraturus
1969 4024 2003 4080 et
2019 4023 2219 4095 amaturos,
2246 4027 2278 4082 ct
2293 4014 2345 4083 le-

1353 4113 1470 4170 cturos
1488 4127 1545 4173 eas
1560 4106 1710 4179 avidius,
1762 4106 1859 4178 Bene
1874 4111 1962 4183 vale.
2014 4107 2160 4179 Calend.
2178 4110 2344 4187 Ianuarii.

1357 4199 1466 4275 1545.

1357 4446 1786 4457 .--„---—.................
1795 4451 2336 4467 ..υ-,ΨΜ

1353 4598 1420 4673 Νο.
1433 4600 1544 4672 8109.

1359 4695 1530 4724 ww
1609 4683 1612 4688 “

1699 4802 1760 4885 Μ.
1793 4801 2001 4896 Crudelio.

1455 4958 1538 5031 Epist.
1558 4960 1606 5014 lib.
1626 4960 1659 5046 V.
1678 4981 1705 5035 p.
1726 4964 1777 5020 875
1794 4986 1835 5038 sq.

2074 4611 2181 4681 aran.
2207 4613 2346 4699 (aaa)

1352 5113 1518 5189 Marco
1544 5111 1765 5193 Crode'lio
1792 5122 2044 5318 (guhessnonti
2066 5124 2238 5202 scholam
2252 5127 2347 5204 Tor·

1616 5265 1619 5270 ·
1763 5250 1909 5320 gensem

1352 5332 1399 5426 S.
1423 5352 1467 5431 D.
1519 5352 1733 5428 Charissime
1752 5358 1888 5470 Marce.
1941 5360 2166 5438 Commendo
2190 5370 2259 5446 tibi
2284 5366 2346 5439 bos

1354 5458 1444 5527 duos
1478 5459 1715 5530 adolescentes
1749 5463 1902 5533 duorum
1935 5467 2154 5557 optimorum
2187 5473 2347 5542 virorum

312 5588 391 5647 tum
402 5572 474 5643 ioci
489 5583 574 5642 sunt
587 5568 761 5641 amatorii.
808 5560 893 5636 Alia
906 5564 1016 5635 multa
1032 5578 1116 5635 sunt
1131 5564 1235 5656 plena
1249 5587 1305 5634 sa·
1351 5559 1463 5645 lilios,
1497 5558 1653 5632 Pastoris
1674 5556 1899 5664 Romanus,
1929 5581 1964 5639 et
1987 5566 2263 5644 concionatoris
2283 5562 2349 5646 Cf.

312 5674 477 5770 pientiae.
528 5670 677 5741 Viderat
691 5662 908 5739 Alexander
923 5667 964 5737 in
974 5668 1058 5758 ‚aula
1077 5666 1209 5736 multos
1227 5660 1306 5733 De-
1353 5656 1501 5746 tiensis,
1525 5656 1716 5754 Iohannis
1736 5659 1778 5737 V
1775 5664 1846 5754 uit,
1871 5670 2045 5757 arbitror,
2069 5687 2265 5771 utrumque
2281 5674 2348 5746 tibi

216 5757 220 5767 .
312 5801 435 5858 meas,
454 5767 721 5857 Phormiones,
747 5762 979 5843 Gnathones.
1028 5760 1181 5838 Viderat
1190 5768 1230 5836 in
1246 5791 1306 5837 ex·
1355 5777 1480 5834 notum
1503 5786 1586 5835 esse.
1644 5764 1839 5840 Boruensis
1867 5773 1973 5843 etiam
1996 5775 2089 5846 valet
2117 5777 2284 5883 ingenio,
2313 5790 2347 5848 et

311 5881 424 5952 ercitu
452 5873 584 5949 multos
618 5866 846 5946 Thrasones.
911 5870 1090 5944 Usitatum
1117 5883 1169 5941 est
1188 5883 1319 5960 autem,
1354 5865 1554 5938 eruditione
1569 5868 1746 5959 praeclare
1762 5871 1956 5948 instructus
1975 5889 2037 5950 est.
2088 5876 2289 5954 Mittuntur
2304 5880 2349 5951 ad
