<?xml version="1.0" encoding="UTF-8"?>
<!DOCTYPE html PUBLIC "-//W3C//DTD XHTML 1.0 Transitional//EN"
    "http://www.w3.org/TR/xhtml1/DTD/xhtml1-transitional.dtd">
<html xmlns="http://www.w3.org/1999/xhtml" xml:lang="en" lang="en">
 <head>
  <title>
</title>
<meta http-equiv="Content-Type" content="text/html;charset=utf-8" />
  <meta name='ocr-system' content='tesseract 3.04.00' />
  <meta name='ocr-capabilities' content='ocr_page ocr_carea ocr_par ocr_line ocrx_word'/>
</head>
<body>
  <div class='ocr_page' id='page_1' title='image "./philippimelanth10melagoog_0443.png"; bbox 0 0 5325 6917; ppageno 0'>
   <div class='ocr_carea' id='block_1_1' title="bbox 333 725 2391 811">
    <p class='ocr_par' dir='ltr' id='par_1_1' title="bbox 333 725 2391 811">
     <span class='ocr_line' id='line_1_1' title="bbox 333 725 2391 811; baseline -0.004 0"><span class='ocrx_word' id='word_1_1' title='bbox 333 734 418 811; x_wconf 63' lang='lat'><strong>851¹</strong></span> <span class='ocrx_word' id='word_1_2' title='bbox 754 729 758 734; x_wconf 77' lang='grc'><strong>’</strong></span> <span class='ocrx_word' id='word_1_3' title='bbox 907 727 1350 804; x_wconf 81' lang='lat' dir='ltr'>EPISTOLARUM</span> <span class='ocrx_word' id='word_1_4' title='bbox 1398 727 1507 809; x_wconf 84' lang='lat' dir='ltr'><strong>LIB.</strong></span> <span class='ocrx_word' id='word_1_5' title='bbox 1540 729 1604 807; x_wconf 80' lang='lat' dir='ltr'>Ill⁴</span> <span class='ocrx_word' id='word_1_6' title='bbox 1657 726 1790 803; x_wconf 82' lang='lat'><strong>1545.</strong></span> <span class='ocrx_word' id='word_1_7' title='bbox 2326 725 2391 802; x_wconf 72' lang='lat'>862</span> 
     </span>
    </p>
   </div>
   <div class='ocr_carea' id='block_1_2' title="bbox 222 898 2396 3235">
    <p class='ocr_par' dir='ltr' id='par_1_2' title="bbox 222 898 2396 2733">
     <span class='ocr_line' id='line_1_2' title="bbox 334 898 2384 980; baseline -0.004 0"><span class='ocrx_word' id='word_1_8' title='bbox 334 909 423 980; x_wconf 86' lang='lat' dir='ltr'>ellici</span> <span class='ocrx_word' id='word_1_9' title='bbox 440 910 485 977; x_wconf 91' lang='lat' dir='ltr'>ad</span> <span class='ocrx_word' id='word_1_10' title='bbox 501 922 534 978; x_wconf 90' lang='lat' dir='ltr'>te</span> <span class='ocrx_word' id='word_1_11' title='bbox 551 906 790 978; x_wconf 89' lang='lat' dir='ltr'>liberandum.</span> <span class='ocrx_word' id='word_1_12' title='bbox 840 899 945 974; x_wconf 84' lang='lat' dir='ltr'><strong>Certe</strong></span> <span class='ocrx_word' id='word_1_13' title='bbox 963 903 1122 975; x_wconf 88' lang='lat' dir='ltr'>obsidem</span> <span class='ocrx_word' id='word_1_14' title='bbox 1137 929 1194 974; x_wconf 91' lang='lat' dir='ltr'>me</span> <span class='ocrx_word' id='word_1_15' title='bbox 1209 904 1328 974; x_wconf 90' lang='lat' dir='ltr'>lihen-</span> <span class='ocrx_word' id='word_1_16' title='bbox 1477 901 1616 975; x_wconf 82' lang='lat' dir='ltr'>Deinde</span> <span class='ocrx_word' id='word_1_17' title='bbox 1641 905 1784 974; x_wconf 79' lang='lat' dir='ltr'><strong>devera</strong></span> <span class='ocrx_word' id='word_1_18' title='bbox 1806 903 2042 975; x_wconf 87' lang='lat' dir='ltr'>invocatione</span> <span class='ocrx_word' id='word_1_19' title='bbox 2070 916 2114 974; x_wconf 88' lang='lat' dir='ltr'>ct</span> <span class='ocrx_word' id='word_1_20' title='bbox 2137 923 2235 971; x_wconf 88' lang='lat' dir='ltr'>vero</span> <span class='ocrx_word' id='word_1_21' title='bbox 2258 898 2384 972; x_wconf 84' lang='lat' dir='ltr'>usnSa-</span> 
     </span>
     <span class='ocr_line' id='line_1_3' title="bbox 334 1002 2382 1100; baseline -0.005 -19"><span class='ocrx_word' id='word_1_22' title='bbox 334 1027 388 1082; x_wconf 89' lang='lat' dir='ltr'>ter</span> <span class='ocrx_word' id='word_1_23' title='bbox 417 1011 592 1079; x_wconf 83' lang='lat' dir='ltr'>dedissem</span> <span class='ocrx_word' id='word_1_24' title='bbox 624 1033 687 1098; x_wconf 89' lang='lat' dir='ltr'>pro</span> <span class='ocrx_word' id='word_1_25' title='bbox 712 1022 743 1077; x_wconf 89' lang='lat' dir='ltr'>te</span> <span class='ocrx_word' id='word_1_26' title='bbox 770 1007 968 1076; x_wconf 78' lang='lat' dir='ltr'>latronibus</span> <span class='ocrx_word' id='word_1_27' title='bbox 999 1008 1090 1089; x_wconf 91' lang='lat' dir='ltr'>illis,</span> <span class='ocrx_word' id='word_1_28' title='bbox 1124 1008 1328 1100; x_wconf 90' lang='lat' dir='ltr'>quicunque</span> <span class='ocrx_word' id='word_1_29' title='bbox 1377 1023 1635 1076; x_wconf 80' lang='lat' dir='ltr'>crementorum</span> <span class='ocrx_word' id='word_1_30' title='bbox 1668 1005 1826 1076; x_wconf 88' lang='lat' dir='ltr'>dicturus</span> <span class='ocrx_word' id='word_1_31' title='bbox 1854 1031 1970 1092; x_wconf 91' lang='lat' dir='ltr'>eram,</span> <span class='ocrx_word' id='word_1_32' title='bbox 1999 1006 2143 1076; x_wconf 88' lang='lat' dir='ltr'>vitatis</span> <span class='ocrx_word' id='word_1_33' title='bbox 2174 1002 2224 1072; x_wconf 89' lang='lat' dir='ltr'>iis</span> <span class='ocrx_word' id='word_1_34' title='bbox 2253 1003 2382 1094; x_wconf 76' lang='lat' dir='ltr'>scopulis</span> 
     </span>
     <span class='ocr_line' id='line_1_4' title="bbox 332 1101 2380 1206; baseline -0.002 -25"><span class='ocrx_word' id='word_1_35' title='bbox 332 1105 546 1206; x_wconf 77' lang='lat' dir='ltr'>fuerunt*),</span> <span class='ocrx_word' id='word_1_36' title='bbox 569 1110 631 1202; x_wconf 89' lang='lat' dir='ltr'>qui</span> <span class='ocrx_word' id='word_1_37' title='bbox 658 1123 691 1178; x_wconf 92' lang='lat' dir='ltr'>te</span> <span class='ocrx_word' id='word_1_38' title='bbox 708 1123 846 1199; x_wconf 89' lang='lat' dir='ltr'>captum</span> <span class='ocrx_word' id='word_1_39' title='bbox 865 1123 1066 1178; x_wconf 89' lang='lat' dir='ltr'>tennerunt.</span> <span class='ocrx_word' id='word_1_40' title='bbox 1116 1108 1327 1179; x_wconf 79' lang='lat' dir='ltr'>l&#39;otaetiam</span> <span class='ocrx_word' id='word_1_41' title='bbox 1376 1103 1459 1201; x_wconf 81' lang='grc' dir='ltr'>περὶ</span> <span class='ocrx_word' id='word_1_42' title='bbox 1472 1101 1750 1203; x_wconf 77' lang='grc' dir='ltr'><strong><em>προςκυνήσεως</em></strong></span> <span class='ocrx_word' id='word_1_43' title='bbox 1761 1106 1896 1204; x_wconf 80' lang='grc' dir='ltr'><strong><em>ἄρτου,</em></strong></span> <span class='ocrx_word' id='word_1_44' title='bbox 1923 1133 2018 1203; x_wconf 84' lang='lat' dir='ltr'>quos</span> <span class='ocrx_word' id='word_1_45' title='bbox 2037 1122 2087 1180; x_wconf 89' lang='lat' dir='ltr'>tu</span> <span class='ocrx_word' id='word_1_46' title='bbox 2101 1130 2191 1176; x_wconf 91' lang='lat' dir='ltr'>non</span> <span class='ocrx_word' id='word_1_47' title='bbox 2208 1105 2266 1174; x_wconf 83' lang='lat' dir='ltr'>vis</span> <span class='ocrx_word' id='word_1_48' title='bbox 2280 1105 2380 1176; x_wconf 79' lang='lat' dir='ltr'>vitare.</span> 
     </span>
     <span class='ocr_line' id='line_1_5' title="bbox 335 1207 2379 1302; baseline -0.004 -19"><span class='ocrx_word' id='word_1_49' title='bbox 335 1217 380 1284; x_wconf 92' lang='lat' dir='ltr'>ad</span> <span class='ocrx_word' id='word_1_50' title='bbox 403 1213 518 1283; x_wconf 92' lang='lat' dir='ltr'>Deum</span> <span class='ocrx_word' id='word_1_51' title='bbox 552 1224 734 1280; x_wconf 89' lang='lat' dir='ltr'>aeternum</span> <span class='ocrx_word' id='word_1_52' title='bbox 766 1223 901 1302; x_wconf 89' lang='lat' dir='ltr'>patrem</span> <span class='ocrx_word' id='word_1_53' title='bbox 926 1209 1077 1280; x_wconf 89' lang='lat' dir='ltr'>Domini</span> <span class='ocrx_word' id='word_1_54' title='bbox 1106 1212 1219 1280; x_wconf 81' lang='lat' dir='ltr'>nostri</span> <span class='ocrx_word' id='word_1_55' title='bbox 1249 1209 1327 1279; x_wconf 91' lang='lat' dir='ltr'>lesu</span> <span class='ocrx_word' id='word_1_56' title='bbox 1376 1207 1533 1294; x_wconf 89' lang='lat' dir='ltr'>Putatis,</span> <span class='ocrx_word' id='word_1_57' title='bbox 1558 1226 1593 1283; x_wconf 89' lang='lat' dir='ltr'>et</span> <span class='ocrx_word' id='word_1_58' title='bbox 1614 1211 1734 1281; x_wconf 94' lang='lat' dir='ltr'>omnia</span> <span class='ocrx_word' id='word_1_59' title='bbox 1750 1212 1899 1281; x_wconf 90' lang='lat' dir='ltr'>dicenda</span> <span class='ocrx_word' id='word_1_60' title='bbox 1914 1234 2009 1297; x_wconf 89' lang='lat' dir='ltr'>esse,</span> <span class='ocrx_word' id='word_1_61' title='bbox 2038 1209 2254 1280; x_wconf 85' lang='lat' dir='ltr'>etnullam</span> <span class='ocrx_word' id='word_1_62' title='bbox 2269 1232 2379 1276; x_wconf 86' lang='lat' dir='ltr'>moran</span> 
     </span>
     <span class='ocr_line' id='line_1_6' title="bbox 336 1305 2396 1407; baseline -0.004 -21"><span class='ocrx_word' id='word_1_63' title='bbox 336 1310 470 1386; x_wconf 81' lang='lat' dir='ltr'>Christi</span> <span class='ocrx_word' id='word_1_64' title='bbox 493 1315 615 1382; x_wconf 90' lang='lat' dir='ltr'>sedulo</span> <span class='ocrx_word' id='word_1_65' title='bbox 638 1313 715 1384; x_wconf 86' lang='lat' dir='ltr'>feei.</span> <span class='ocrx_word' id='word_1_66' title='bbox 767 1311 872 1380; x_wconf 90' lang='lat' dir='ltr'>Nunc</span> <span class='ocrx_word' id='word_1_67' title='bbox 895 1310 962 1381; x_wconf 89' lang='lat' dir='ltr'>Dei</span> <span class='ocrx_word' id='word_1_68' title='bbox 984 1313 1095 1404; x_wconf 88' lang='lat' dir='ltr'>ipsius</span> <span class='ocrx_word' id='word_1_69' title='bbox 1111 1313 1329 1402; x_wconf 90' lang='lat' dir='ltr'>benignitate</span> <span class='ocrx_word' id='word_1_70' title='bbox 1378 1310 1417 1379; x_wconf 92' lang='lat' dir='ltr'>in</span> <span class='ocrx_word' id='word_1_71' title='bbox 1440 1314 1552 1382; x_wconf 90' lang='lat' dir='ltr'>causis</span> <span class='ocrx_word' id='word_1_72' title='bbox 1573 1314 1717 1402; x_wconf 81' lang='lat' dir='ltr'>agendis</span> <span class='ocrx_word' id='word_1_73' title='bbox 1740 1313 1891 1383; x_wconf 87' lang='lat' dir='ltr'>fortibus</span> <span class='ocrx_word' id='word_1_74' title='bbox 1915 1313 2006 1407; x_wconf 83' lang='lat' dir='ltr'>viris</span> <span class='ocrx_word' id='word_1_75' title='bbox 2033 1310 2266 1382; x_wconf 89' lang='lat' dir='ltr'>convenire.</span> <span class='ocrx_word' id='word_1_76' title='bbox 2318 1305 2396 1400; x_wconf 73' lang='lat' dir='ltr'>Ego,</span> 
     </span>
     <span class='ocr_line' id='line_1_7' title="bbox 335 1407 2377 1505; baseline -0.003 -18"><span class='ocrx_word' id='word_1_77' title='bbox 335 1419 536 1487; x_wconf 89' lang='lat' dir='ltr'>restitutum</span> <span class='ocrx_word' id='word_1_78' title='bbox 554 1427 587 1482; x_wconf 92' lang='lat' dir='ltr'>te</span> <span class='ocrx_word' id='word_1_79' title='bbox 603 1438 676 1483; x_wconf 91' lang='lat' dir='ltr'>esse</span> <span class='ocrx_word' id='word_1_80' title='bbox 692 1407 960 1483; x_wconf 74' lang='lat' dir='ltr'>honestissimae</span> <span class='ocrx_word' id='word_1_81' title='bbox 977 1415 1120 1502; x_wconf 89' lang='lat' dir='ltr'>coniugi</span> <span class='ocrx_word' id='word_1_82' title='bbox 1135 1428 1232 1498; x_wconf 88' lang='lat' dir='ltr'>tuae,</span> <span class='ocrx_word' id='word_1_83' title='bbox 1247 1414 1330 1484; x_wconf 80' lang='lat' dir='ltr'>dol-</span> <span class='ocrx_word' id='word_1_84' title='bbox 1377 1426 1499 1483; x_wconf 90' lang='lat' dir='ltr'>contra</span> <span class='ocrx_word' id='word_1_85' title='bbox 1516 1414 1627 1484; x_wconf 82' lang='lat' dir='ltr'>multa</span> <span class='ocrx_word' id='word_1_86' title='bbox 1642 1427 1841 1505; x_wconf 88' lang='lat' dir='ltr'>praetereo,</span> <span class='ocrx_word' id='word_1_87' title='bbox 1860 1428 1895 1484; x_wconf 90' lang='lat' dir='ltr'>et</span> <span class='ocrx_word' id='word_1_88' title='bbox 1908 1428 2119 1485; x_wconf 87' lang='lat' dir='ltr'>contanter</span> <span class='ocrx_word' id='word_1_89' title='bbox 2135 1415 2189 1484; x_wconf 86' lang='lat' dir='ltr'>ad</span> <span class='ocrx_word' id='word_1_90' title='bbox 2208 1433 2324 1482; x_wconf 80' lang='lat' dir='ltr'>causas</span> <span class='ocrx_word' id='word_1_91' title='bbox 2335 1436 2377 1481; x_wconf 81' lang='lat' dir='ltr'>ec·</span> 
     </span>
     <span class='ocr_line' id='line_1_8' title="bbox 335 1512 2375 1601; baseline -0.001 -15"><span class='ocrx_word' id='word_1_92' title='bbox 335 1518 484 1587; x_wconf 89' lang='lat' dir='ltr'>cissimis</span> <span class='ocrx_word' id='word_1_93' title='bbox 515 1518 654 1599; x_wconf 90' lang='lat' dir='ltr'>liberis,</span> <span class='ocrx_word' id='word_1_94' title='bbox 685 1512 852 1584; x_wconf 90' lang='lat' dir='ltr'>Ecclesiis</span> <span class='ocrx_word' id='word_1_95' title='bbox 876 1516 1018 1600; x_wconf 84' lang='lat' dir='ltr'>vestris,</span> <span class='ocrx_word' id='word_1_96' title='bbox 1054 1517 1180 1586; x_wconf 88' lang='lat' dir='ltr'>studiis</span> <span class='ocrx_word' id='word_1_97' title='bbox 1208 1517 1329 1586; x_wconf 90' lang='lat' dir='ltr'>litera·</span> <span class='ocrx_word' id='word_1_98' title='bbox 1377 1517 1474 1585; x_wconf 85' lang='lat' dir='ltr'>cedo.</span> <span class='ocrx_word' id='word_1_99' title='bbox 1525 1515 1594 1586; x_wconf 90' lang='lat' dir='ltr'>Sed</span> <span class='ocrx_word' id='word_1_100' title='bbox 1616 1517 1687 1584; x_wconf 91' lang='lat' dir='ltr'>scio</span> <span class='ocrx_word' id='word_1_101' title='bbox 1711 1541 1768 1585; x_wconf 90' lang='lat' dir='ltr'>me</span> <span class='ocrx_word' id='word_1_102' title='bbox 1787 1517 2109 1601; x_wconf 89' lang='lat' dir='ltr'>rideriamultis,</span> <span class='ocrx_word' id='word_1_103' title='bbox 2139 1531 2180 1587; x_wconf 91' lang='lat' dir='ltr'>et</span> <span class='ocrx_word' id='word_1_104' title='bbox 2198 1514 2375 1586; x_wconf 82' lang='lat' dir='ltr'>facilelero.</span> 
     </span>
     <span class='ocr_line' id='line_1_9' title="bbox 336 1615 2375 1711; baseline 0 -25"><span class='ocrx_word' id='word_1_105' title='bbox 336 1643 436 1703; x_wconf 87' lang='lat' dir='ltr'>rum,</span> <span class='ocrx_word' id='word_1_106' title='bbox 463 1620 567 1687; x_wconf 90' lang='lat' dir='ltr'>nobis</span> <span class='ocrx_word' id='word_1_107' title='bbox 583 1618 768 1701; x_wconf 90' lang='lat' dir='ltr'>omnibns,</span> <span class='ocrx_word' id='word_1_108' title='bbox 794 1618 897 1685; x_wconf 86' lang='lat' dir='ltr'>valde</span> <span class='ocrx_word' id='word_1_109' title='bbox 921 1619 1051 1702; x_wconf 88' lang='lat' dir='ltr'>laetor,</span> <span class='ocrx_word' id='word_1_110' title='bbox 1074 1633 1107 1687; x_wconf 90' lang='lat' dir='ltr'>et</span> <span class='ocrx_word' id='word_1_111' title='bbox 1121 1617 1197 1688; x_wconf 93' lang='lat' dir='ltr'>Deo</span> <span class='ocrx_word' id='word_1_112' title='bbox 1215 1632 1328 1688; x_wconf 85' lang='lat' dir='ltr'>aeter·</span> <span class='ocrx_word' id='word_1_113' title='bbox 1377 1615 1446 1686; x_wconf 88' lang='lat' dir='ltr'>Sed</span> <span class='ocrx_word' id='word_1_114' title='bbox 1464 1618 1589 1687; x_wconf 87' lang='lat' dir='ltr'>vellem</span> <span class='ocrx_word' id='word_1_115' title='bbox 1606 1632 1641 1688; x_wconf 90' lang='lat' dir='ltr'>et</span> <span class='ocrx_word' id='word_1_116' title='bbox 1657 1618 1739 1687; x_wconf 89' lang='lat' dir='ltr'>illos</span> <span class='ocrx_word' id='word_1_117' title='bbox 1754 1632 1788 1689; x_wconf 92' lang='lat' dir='ltr'>et</span> <span class='ocrx_word' id='word_1_118' title='bbox 1806 1619 1895 1689; x_wconf 90' lang='lat' dir='ltr'>alios</span> <span class='ocrx_word' id='word_1_119' title='bbox 1909 1619 2173 1711; x_wconf 86' lang='lat' dir='ltr'>introspicere</span> <span class='ocrx_word' id='word_1_120' title='bbox 2193 1640 2310 1687; x_wconf 87' lang='lat' dir='ltr'>meum</span> <span class='ocrx_word' id='word_1_121' title='bbox 2321 1639 2375 1689; x_wconf 89' lang='lat' dir='ltr'>cor.</span> 
     </span>
     <span class='ocr_line' id='line_1_10' title="bbox 334 1715 2376 1814; baseline -0.001 -25"><span class='ocrx_word' id='word_1_122' title='bbox 334 1745 403 1804; x_wconf 92' lang='lat' dir='ltr'>no,</span> <span class='ocrx_word' id='word_1_123' title='bbox 437 1722 529 1811; x_wconf 89' lang='lat' dir='ltr'>patri</span> <span class='ocrx_word' id='word_1_124' title='bbox 549 1718 698 1789; x_wconf 91' lang='lat' dir='ltr'>Domini</span> <span class='ocrx_word' id='word_1_125' title='bbox 721 1720 832 1788; x_wconf 88' lang='lat' dir='ltr'>nostri</span> <span class='ocrx_word' id='word_1_126' title='bbox 858 1717 937 1788; x_wconf 89' lang='lat' dir='ltr'>lesu</span> <span class='ocrx_word' id='word_1_127' title='bbox 951 1715 1106 1803; x_wconf 90' lang='lat' dir='ltr'>Christi,</span> <span class='ocrx_word' id='word_1_128' title='bbox 1131 1721 1193 1813; x_wconf 91' lang='lat' dir='ltr'>qui</span> <span class='ocrx_word' id='word_1_129' title='bbox 1219 1734 1328 1789; x_wconf 88' lang='lat' dir='ltr'>tere·</span> <span class='ocrx_word' id='word_1_130' title='bbox 1377 1716 1416 1788; x_wconf 93' lang='lat' dir='ltr'>Si</span> <span class='ocrx_word' id='word_1_131' title='bbox 1434 1732 1572 1790; x_wconf 88' lang='lat' dir='ltr'>tantum</span> <span class='ocrx_word' id='word_1_132' title='bbox 1595 1720 1831 1814; x_wconf 88' lang='lat' dir='ltr'>lacrymarum</span> <span class='ocrx_word' id='word_1_133' title='bbox 1846 1722 1996 1791; x_wconf 82' lang='lat' dir='ltr'>sundere</span> <span class='ocrx_word' id='word_1_134' title='bbox 2013 1745 2203 1813; x_wconf 89' lang='lat' dir='ltr'>possem,</span> <span class='ocrx_word' id='word_1_135' title='bbox 2228 1731 2376 1812; x_wconf 84' lang='lat' dir='ltr'>quantun</span> 
     </span>
     <span class='ocr_line' id='line_1_11' title="bbox 336 1818 2375 1915; baseline -0.001 -25"><span class='ocrx_word' id='word_1_136' title='bbox 336 1823 437 1891; x_wconf 86' lang='lat' dir='ltr'>duxit</span> <span class='ocrx_word' id='word_1_137' title='bbox 460 1823 499 1889; x_wconf 92' lang='lat' dir='ltr'>in</span> <span class='ocrx_word' id='word_1_138' title='bbox 521 1823 666 1890; x_wconf 91' lang='lat' dir='ltr'>domum</span> <span class='ocrx_word' id='word_1_139' title='bbox 691 1836 804 1905; x_wconf 90' lang='lat' dir='ltr'>tuam,</span> <span class='ocrx_word' id='word_1_140' title='bbox 830 1822 958 1909; x_wconf 92' lang='lat' dir='ltr'>gratias</span> <span class='ocrx_word' id='word_1_141' title='bbox 976 1844 1059 1910; x_wconf 87' lang='lat' dir='ltr'>ago,</span> <span class='ocrx_word' id='word_1_142' title='bbox 1086 1846 1237 1914; x_wconf 86' lang='lat' dir='ltr'>eumque</span> <span class='ocrx_word' id='word_1_143' title='bbox 1252 1846 1328 1906; x_wconf 87' lang='lat' dir='ltr'>oro,</span> <span class='ocrx_word' id='word_1_144' title='bbox 1376 1824 1554 1890; x_wconf 90' lang='lat' dir='ltr'>undarum</span> <span class='ocrx_word' id='word_1_145' title='bbox 1590 1835 1710 1891; x_wconf 90' lang='lat' dir='ltr'>noster</span> <span class='ocrx_word' id='word_1_146' title='bbox 1738 1819 1843 1893; x_wconf 88' lang='lat' dir='ltr'>Albis</span> <span class='ocrx_word' id='word_1_147' title='bbox 1872 1823 1977 1915; x_wconf 90' lang='lat' dir='ltr'>pleno</span> <span class='ocrx_word' id='word_1_148' title='bbox 2010 1818 2130 1893; x_wconf 86' lang='lat' dir='ltr'>vehit</span> <span class='ocrx_word' id='word_1_149' title='bbox 2166 1822 2291 1906; x_wconf 86' lang='lat' dir='ltr'>alveo,</span> <span class='ocrx_word' id='word_1_150' title='bbox 2316 1833 2375 1888; x_wconf 82' lang='lat' dir='ltr'>non</span> 
     </span>
     <span class='ocr_line' id='line_1_12' title="bbox 336 1917 2375 2012; baseline 0 -20"><span class='ocrx_word' id='word_1_151' title='bbox 336 1936 375 1992; x_wconf 89' lang='lat' dir='ltr'>ut</span> <span class='ocrx_word' id='word_1_152' title='bbox 398 1938 432 1994; x_wconf 90' lang='lat' dir='ltr'>te</span> <span class='ocrx_word' id='word_1_153' title='bbox 455 1938 569 1992; x_wconf 89' lang='lat' dir='ltr'>servet</span> <span class='ocrx_word' id='word_1_154' title='bbox 591 1924 827 2008; x_wconf 88' lang='lat' dir='ltr'>incolumem,</span> <span class='ocrx_word' id='word_1_155' title='bbox 853 1946 892 1990; x_wconf 90' lang='lat' dir='ltr'>ac</span> <span class='ocrx_word' id='word_1_156' title='bbox 915 1937 1030 2010; x_wconf 87' lang='lat' dir='ltr'>regat,</span> <span class='ocrx_word' id='word_1_157' title='bbox 1063 1937 1103 1991; x_wconf 93' lang='lat' dir='ltr'>ut</span> <span class='ocrx_word' id='word_1_158' title='bbox 1130 1924 1176 1991; x_wconf 91' lang='lat' dir='ltr'>sis</span> <span class='ocrx_word' id='word_1_159' title='bbox 1200 1927 1329 2002; x_wconf 73' lang='grc' dir='ltr'><strong><em>σκεῦος</em></strong></span> <span class='ocrx_word' id='word_1_160' title='bbox 1376 1938 1493 2012; x_wconf 89' lang='lat' dir='ltr'>posset</span> <span class='ocrx_word' id='word_1_161' title='bbox 1507 1917 1687 1993; x_wconf 85' lang='lat' dir='ltr'>exhauriri</span> <span class='ocrx_word' id='word_1_162' title='bbox 1701 1948 1800 1994; x_wconf 92' lang='lat' dir='ltr'>meus</span> <span class='ocrx_word' id='word_1_163' title='bbox 1816 1925 1937 2009; x_wconf 92' lang='lat' dir='ltr'>dolor,</span> <span class='ocrx_word' id='word_1_164' title='bbox 1963 1938 2078 1995; x_wconf 88' lang='lat' dir='ltr'>ortus</span> <span class='ocrx_word' id='word_1_165' title='bbox 2094 1949 2146 1994; x_wconf 88' lang='lat' dir='ltr'>ex</span> <span class='ocrx_word' id='word_1_166' title='bbox 2171 1919 2245 1994; x_wconf 85' lang='lat' dir='ltr'>hac</span> <span class='ocrx_word' id='word_1_167' title='bbox 2265 1922 2375 1992; x_wconf 74' lang='lat' dir='ltr'>disten</span> 
     </span>
     <span class='ocr_line' id='line_1_13' title="bbox 222 2021 2371 2118; baseline 0 -24"><span class='ocrx_word' id='word_1_168' title='bbox 222 2088 226 2094; x_wconf 91' lang='lat'>.</span> <span class='ocrx_word' id='word_1_169' title='bbox 335 2021 473 2109; x_wconf 76' lang='grc' dir='ltr'><strong><em>ἐλέους,</em></strong></span> <span class='ocrx_word' id='word_1_170' title='bbox 514 2041 548 2095; x_wconf 90' lang='lat' dir='ltr'>et</span> <span class='ocrx_word' id='word_1_171' title='bbox 570 2025 724 2094; x_wconf 88' lang='lat' dir='ltr'>salutare</span> <span class='ocrx_word' id='word_1_172' title='bbox 746 2048 905 2113; x_wconf 87' lang='lat' dir='ltr'>organon</span> <span class='ocrx_word' id='word_1_173' title='bbox 927 2021 1104 2094; x_wconf 88' lang='lat' dir='ltr'>Ecclesiae</span> <span class='ocrx_word' id='word_1_174' title='bbox 1129 2038 1163 2093; x_wconf 88' lang='lat' dir='ltr'>et</span> <span class='ocrx_word' id='word_1_175' title='bbox 1185 2026 1327 2117; x_wconf 87' lang='lat' dir='ltr'>patriae,</span> <span class='ocrx_word' id='word_1_176' title='bbox 1376 2025 1486 2095; x_wconf 89' lang='lat' dir='ltr'>sione.</span> <span class='ocrx_word' id='word_1_177' title='bbox 1544 2022 1642 2095; x_wconf 91' lang='lat' dir='ltr'>Deus</span> <span class='ocrx_word' id='word_1_178' title='bbox 1673 2038 1835 2096; x_wconf 85' lang='lat' dir='ltr'>aeternus</span> <span class='ocrx_word' id='word_1_179' title='bbox 1866 2041 1966 2118; x_wconf 87' lang='lat' dir='ltr'>pater</span> <span class='ocrx_word' id='word_1_180' title='bbox 1986 2027 2150 2096; x_wconf 75' lang='lat' dir='ltr'>domini</span> <span class='ocrx_word' id='word_1_181' title='bbox 2179 2025 2296 2096; x_wconf 84' lang='lat' dir='ltr'>nostri</span> <span class='ocrx_word' id='word_1_182' title='bbox 2314 2022 2371 2094; x_wconf 83' lang='lat' dir='ltr'>leto</span> 
     </span>
     <span class='ocr_line' id='line_1_14' title="bbox 333 2122 2370 2222; baseline 0 -27"><span class='ocrx_word' id='word_1_183' title='bbox 333 2151 403 2218; x_wconf 89' lang='lat' dir='ltr'>qua</span> <span class='ocrx_word' id='word_1_184' title='bbox 427 2152 465 2194; x_wconf 90' lang='lat' dir='ltr'>re</span> <span class='ocrx_word' id='word_1_185' title='bbox 488 2122 580 2218; x_wconf 89' lang='lat' dir='ltr'>nihil</span> <span class='ocrx_word' id='word_1_186' title='bbox 605 2128 732 2195; x_wconf 91' lang='lat' dir='ltr'>melius</span> <span class='ocrx_word' id='word_1_187' title='bbox 754 2123 892 2194; x_wconf 90' lang='lat' dir='ltr'>homini</span> <span class='ocrx_word' id='word_1_188' title='bbox 915 2140 975 2196; x_wconf 90' lang='lat' dir='ltr'>aut</span> <span class='ocrx_word' id='word_1_189' title='bbox 996 2127 1107 2215; x_wconf 89' lang='lat' dir='ltr'>magis</span> <span class='ocrx_word' id='word_1_190' title='bbox 1126 2128 1244 2218; x_wconf 86' lang='lat' dir='ltr'>optari</span> <span class='ocrx_word' id='word_1_191' title='bbox 1267 2140 1329 2198; x_wconf 90' lang='lat' dir='ltr'>aut</span> <span class='ocrx_word' id='word_1_192' title='bbox 1375 2124 1510 2197; x_wconf 91' lang='lat' dir='ltr'>Christi</span> <span class='ocrx_word' id='word_1_193' title='bbox 1526 2128 1622 2196; x_wconf 88' lang='lat' dir='ltr'>iuvet</span> <span class='ocrx_word' id='word_1_194' title='bbox 1643 2151 1728 2211; x_wconf 92' lang='lat' dir='ltr'>nos,</span> <span class='ocrx_word' id='word_1_195' title='bbox 1753 2124 1845 2208; x_wconf 85' lang='lat' dir='ltr'>†cui</span> <span class='ocrx_word' id='word_1_196' title='bbox 1867 2129 1996 2218; x_wconf 83' lang='lat' dir='ltr'>gratias</span> <span class='ocrx_word' id='word_1_197' title='bbox 2017 2151 2120 2217; x_wconf 90' lang='lat' dir='ltr'>ago,</span> <span class='ocrx_word' id='word_1_198' title='bbox 2152 2129 2257 2222; x_wconf 74' lang='lat' dir='ltr'>quod</span> <span class='ocrx_word' id='word_1_199' title='bbox 2281 2126 2370 2196; x_wconf 72' lang='lat' dir='ltr'>doni</span> 
     </span>
     <span class='ocr_line' id='line_1_15' title="bbox 332 2223 2371 2323; baseline 0 -27"><span class='ocrx_word' id='word_1_200' title='bbox 332 2230 412 2296; x_wconf 90' lang='lat' dir='ltr'>dari</span> <span class='ocrx_word' id='word_1_201' title='bbox 434 2242 558 2319; x_wconf 87' lang='lat' dir='ltr'>potest.</span> <span class='ocrx_word' id='word_1_202' title='bbox 618 2226 676 2297; x_wconf 89' lang='lat' dir='ltr'>Sis</span> <span class='ocrx_word' id='word_1_203' title='bbox 697 2229 805 2296; x_wconf 83' lang='lat' dir='ltr'>foelix</span> <span class='ocrx_word' id='word_1_204' title='bbox 828 2228 933 2307; x_wconf 82' lang='lat' dir='ltr'>civis,</span> <span class='ocrx_word' id='word_1_205' title='bbox 960 2241 1001 2296; x_wconf 91' lang='lat' dir='ltr'>ut</span> <span class='ocrx_word' id='word_1_206' title='bbox 1026 2223 1326 2318; x_wconf 86' lang='lat' dir='ltr'>lueruntloseph,</span> <span class='ocrx_word' id='word_1_207' title='bbox 1375 2252 1462 2298; x_wconf 90' lang='lat' dir='ltr'>num</span> <span class='ocrx_word' id='word_1_208' title='bbox 1491 2227 1759 2323; x_wconf 80' lang='lat' dir='ltr'>Hieronymum</span> <span class='ocrx_word' id='word_1_209' title='bbox 1793 2225 2070 2301; x_wconf 86' lang='lat' dir='ltr'>honestissimae</span> <span class='ocrx_word' id='word_1_210' title='bbox 2108 2230 2267 2317; x_wconf 89' lang='lat' dir='ltr'>coniugi</span> <span class='ocrx_word' id='word_1_211' title='bbox 2298 2251 2371 2307; x_wconf 82' lang='lat' dir='ltr'>suat,</span> 
     </span>
     <span class='ocr_line' id='line_1_16' title="bbox 332 2326 2370 2420; baseline -0.002 -20"><span class='ocrx_word' id='word_1_212' title='bbox 332 2328 499 2413; x_wconf 86' lang='lat' dir='ltr'>Samuel,</span> <span class='ocrx_word' id='word_1_213' title='bbox 534 2326 716 2420; x_wconf 91' lang='lat' dir='ltr'>losaphat,</span> <span class='ocrx_word' id='word_1_214' title='bbox 751 2327 931 2415; x_wconf 89' lang='lat' dir='ltr'>Elisaeus,</span> <span class='ocrx_word' id='word_1_215' title='bbox 955 2343 989 2399; x_wconf 92' lang='lat' dir='ltr'>et</span> <span class='ocrx_word' id='word_1_216' title='bbox 1004 2331 1136 2399; x_wconf 89' lang='lat' dir='ltr'>similes</span> <span class='ocrx_word' id='word_1_217' title='bbox 1150 2334 1322 2419; x_wconf 88' lang='lat' dir='ltr'>guberna·</span> <span class='ocrx_word' id='word_1_218' title='bbox 1374 2331 1587 2401; x_wconf 90' lang='lat' dir='ltr'>dulcissimis</span> <span class='ocrx_word' id='word_1_219' title='bbox 1602 2332 1736 2415; x_wconf 90' lang='lat' dir='ltr'>liberis,</span> <span class='ocrx_word' id='word_1_220' title='bbox 1751 2327 1917 2401; x_wconf 87' lang='lat' dir='ltr'>Ecclesiis</span> <span class='ocrx_word' id='word_1_221' title='bbox 1934 2333 2072 2402; x_wconf 90' lang='lat' dir='ltr'>vestris</span> <span class='ocrx_word' id='word_1_222' title='bbox 2090 2346 2131 2402; x_wconf 92' lang='lat' dir='ltr'>et</span> <span class='ocrx_word' id='word_1_223' title='bbox 2149 2333 2261 2402; x_wconf 85' lang='lat' dir='ltr'>nobis</span> <span class='ocrx_word' id='word_1_224' title='bbox 2273 2330 2370 2401; x_wconf 88' lang='lat' dir='ltr'>omni·</span> 
     </span>
     <span class='ocr_line' id='line_1_17' title="bbox 329 2425 2369 2524; baseline 0 -25"><span class='ocrx_word' id='word_1_225' title='bbox 329 2443 442 2511; x_wconf 90' lang='lat' dir='ltr'>tores,</span> <span class='ocrx_word' id='word_1_226' title='bbox 478 2457 631 2524; x_wconf 92' lang='lat' dir='ltr'>quorum</span> <span class='ocrx_word' id='word_1_227' title='bbox 657 2431 753 2502; x_wconf 89' lang='lat' dir='ltr'>Dens</span> <span class='ocrx_word' id='word_1_228' title='bbox 778 2434 824 2500; x_wconf 93' lang='lat' dir='ltr'>ad</span> <span class='ocrx_word' id='word_1_229' title='bbox 851 2433 999 2500; x_wconf 89' lang='lat' dir='ltr'>salutem</span> <span class='ocrx_word' id='word_1_230' title='bbox 1030 2434 1164 2522; x_wconf 89' lang='lat' dir='ltr'>patriae</span> <span class='ocrx_word' id='word_1_231' title='bbox 1191 2445 1324 2500; x_wconf 90' lang='lat' dir='ltr'>mentes</span> <span class='ocrx_word' id='word_1_232' title='bbox 1374 2433 1440 2501; x_wconf 91' lang='lat' dir='ltr'>hus</span> <span class='ocrx_word' id='word_1_233' title='bbox 1462 2432 1635 2517; x_wconf 89' lang='lat' dir='ltr'>restituit,</span> <span class='ocrx_word' id='word_1_234' title='bbox 1667 2447 1700 2502; x_wconf 91' lang='lat' dir='ltr'>et</span> <span class='ocrx_word' id='word_1_235' title='bbox 1721 2457 1804 2516; x_wconf 91' lang='lat' dir='ltr'>oro,</span> <span class='ocrx_word' id='word_1_236' title='bbox 1832 2447 1874 2504; x_wconf 91' lang='lat' dir='ltr'>ut</span> <span class='ocrx_word' id='word_1_237' title='bbox 1894 2459 1973 2505; x_wconf 90' lang='lat' dir='ltr'>eum</span> <span class='ocrx_word' id='word_1_238' title='bbox 1995 2449 2131 2505; x_wconf 88' lang='lat' dir='ltr'>servet</span> <span class='ocrx_word' id='word_1_239' title='bbox 2160 2425 2369 2515; x_wconf 86' lang='lat' dir='ltr'>ineolumem,</span> 
     </span>
     <span class='ocr_line' id='line_1_18' title="bbox 328 2530 2370 2626; baseline 0.001 -27"><span class='ocrx_word' id='word_1_240' title='bbox 328 2532 443 2618; x_wconf 88' lang='lat' dir='ltr'>flexit;</span> <span class='ocrx_word' id='word_1_241' title='bbox 470 2559 544 2601; x_wconf 93' lang='lat' dir='ltr'>non</span> <span class='ocrx_word' id='word_1_242' title='bbox 567 2534 667 2614; x_wconf 89' lang='lat' dir='ltr'>talis,</span> <span class='ocrx_word' id='word_1_243' title='bbox 689 2532 810 2626; x_wconf 88' lang='lat' dir='ltr'>quales</span> <span class='ocrx_word' id='word_1_244' title='bbox 829 2534 975 2601; x_wconf 86' lang='lat' dir='ltr'>fuerunt</span> <span class='ocrx_word' id='word_1_245' title='bbox 998 2531 1169 2617; x_wconf 88' lang='lat' dir='ltr'>Pericles,</span> <span class='ocrx_word' id='word_1_246' title='bbox 1190 2530 1323 2602; x_wconf 91' lang='lat' dir='ltr'>Demo·</span> <span class='ocrx_word' id='word_1_247' title='bbox 1372 2548 1406 2604; x_wconf 89' lang='lat' dir='ltr'>et</span> <span class='ocrx_word' id='word_1_248' title='bbox 1429 2548 1542 2625; x_wconf 88' lang='lat' dir='ltr'>regat,</span> <span class='ocrx_word' id='word_1_249' title='bbox 1570 2548 1612 2605; x_wconf 92' lang='lat' dir='ltr'>ut</span> <span class='ocrx_word' id='word_1_250' title='bbox 1635 2534 1679 2607; x_wconf 90' lang='lat' dir='ltr'>sit</span> <span class='ocrx_word' id='word_1_251' title='bbox 1702 2540 1831 2615; x_wconf 84' lang='grc' dir='ltr'><strong><em>σκεῦος</em></strong></span> <span class='ocrx_word' id='word_1_252' title='bbox 1850 2532 2006 2615; x_wconf 79' lang='grc' dir='ltr'><strong><em>ἕλεόυς.”</em></strong></span> <span class='ocrx_word' id='word_1_253' title='bbox 2066 2533 2182 2606; x_wconf 89' lang='lat' dir='ltr'>Bene</span> <span class='ocrx_word' id='word_1_254' title='bbox 2208 2536 2298 2620; x_wconf 78' lang='lat' dir='ltr'>vale,</span> <span class='ocrx_word' id='word_1_255' title='bbox 2318 2533 2370 2602; x_wconf 86' lang='lat' dir='ltr'>die</span> 
     </span>
     <span class='ocr_line' id='line_1_19' title="bbox 327 2627 1986 2733; baseline 0.005 -34"><span class='ocrx_word' id='word_1_256' title='bbox 327 2627 487 2717; x_wconf 89' lang='lat' dir='ltr'>sthenes,</span> <span class='ocrx_word' id='word_1_257' title='bbox 513 2635 629 2705; x_wconf 90' lang='lat' dir='ltr'>etalii</span> <span class='ocrx_word' id='word_1_258' title='bbox 654 2632 814 2725; x_wconf 87' lang='lat' dir='ltr'>quamvis</span> <span class='ocrx_word' id='word_1_259' title='bbox 838 2633 992 2712; x_wconf 88' lang='lat' dir='ltr'>laudati,</span> <span class='ocrx_word' id='word_1_260' title='bbox 1018 2633 1080 2726; x_wconf 91' lang='lat' dir='ltr'>qui</span> <span class='ocrx_word' id='word_1_261' title='bbox 1103 2659 1182 2704; x_wconf 91' lang='lat' dir='ltr'>cum</span> <span class='ocrx_word' id='word_1_262' title='bbox 1204 2632 1319 2704; x_wconf 91' lang='lat' dir='ltr'>Deum</span> <span class='ocrx_word' id='word_1_263' title='bbox 1370 2637 1585 2732; x_wconf 88' lang='lat' dir='ltr'>aequinoctii</span> <span class='ocrx_word' id='word_1_264' title='bbox 1598 2630 1856 2733; x_wconf 74' lang='lat' dir='ltr'>autumnalis*)</span> <span class='ocrx_word' id='word_1_265' title='bbox 1876 2635 1986 2712; x_wconf 80' lang='lat'><strong>1545.</strong></span> 
     </span>
    </p>

    <p class='ocr_par' dir='ltr' id='par_1_3' title="bbox 322 2734 2362 3235">
     <span class='ocr_line' id='line_1_20' title="bbox 326 2734 2330 2832; baseline 0.003 -31"><span class='ocrx_word' id='word_1_266' title='bbox 326 2758 401 2802; x_wconf 92' lang='lat' dir='ltr'>non</span> <span class='ocrx_word' id='word_1_267' title='bbox 418 2749 562 2804; x_wconf 87' lang='lat' dir='ltr'>nossent</span> <span class='ocrx_word' id='word_1_268' title='bbox 576 2758 648 2802; x_wconf 93' lang='lat' dir='ltr'>non</span> <span class='ocrx_word' id='word_1_269' title='bbox 665 2734 876 2825; x_wconf 80' lang='lat' dir='ltr'>prosuerunt</span> <span class='ocrx_word' id='word_1_270' title='bbox 891 2734 1069 2805; x_wconf 87' lang='lat' dir='ltr'>Ecclesiae</span> <span class='ocrx_word' id='word_1_271' title='bbox 1085 2734 1164 2808; x_wconf 92' lang='lat' dir='ltr'>Dei.</span> <span class='ocrx_word' id='word_1_272' title='bbox 1197 2735 1318 2807; x_wconf 88' lang='lat' dir='ltr'>Tuum</span> <span class='ocrx_word' id='word_1_273' title='bbox 1880 2735 2083 2832; x_wconf 87' lang='lat' dir='ltr'>Philippus</span> <span class='ocrx_word' id='word_1_274' title='bbox 2101 2735 2330 2812; x_wconf 86' lang='lat' dir='ltr'>Melanthon.</span> 
     </span>
     <span class='ocr_line' id='line_1_21' title="bbox 326 2832 1319 2926; baseline 0.005 -22"><span class='ocrx_word' id='word_1_275' title='bbox 326 2858 467 2905; x_wconf 84' lang='lat' dir='ltr'>cursum</span> <span class='ocrx_word' id='word_1_276' title='bbox 490 2837 539 2905; x_wconf 90' lang='lat' dir='ltr'>ita</span> <span class='ocrx_word' id='word_1_277' title='bbox 561 2832 659 2904; x_wconf 92' lang='lat' dir='ltr'>Deus</span> <span class='ocrx_word' id='word_1_278' title='bbox 681 2836 871 2924; x_wconf 87' lang='lat' dir='ltr'>gubernet,</span> <span class='ocrx_word' id='word_1_279' title='bbox 903 2850 943 2906; x_wconf 91' lang='lat' dir='ltr'>ut</span> <span class='ocrx_word' id='word_1_280' title='bbox 967 2838 1179 2926; x_wconf 87' lang='lat' dir='ltr'>gubernavit</span> <span class='ocrx_word' id='word_1_281' title='bbox 1201 2832 1319 2909; x_wconf 88' lang='lat' dir='ltr'>hacte-</span> 
     </span>
     <span class='ocr_line' id='line_1_22' title="bbox 323 2932 1318 3022; baseline 0.006 -18"><span class='ocrx_word' id='word_1_282' title='bbox 323 2959 411 3021; x_wconf 87' lang='lat' dir='ltr'>nus,</span> <span class='ocrx_word' id='word_1_283' title='bbox 436 2951 477 3007; x_wconf 90' lang='lat' dir='ltr'>ut</span> <span class='ocrx_word' id='word_1_284' title='bbox 493 2937 539 3005; x_wconf 92' lang='lat' dir='ltr'>sis</span> <span class='ocrx_word' id='word_1_285' title='bbox 554 2950 588 3006; x_wconf 91' lang='lat' dir='ltr'>et</span> <span class='ocrx_word' id='word_1_286' title='bbox 602 2934 781 3006; x_wconf 88' lang='lat' dir='ltr'>Ecclesiae</span> <span class='ocrx_word' id='word_1_287' title='bbox 796 2932 948 3022; x_wconf 90' lang='lat' dir='ltr'>Christi,</span> <span class='ocrx_word' id='word_1_288' title='bbox 975 2952 1011 3009; x_wconf 93' lang='lat' dir='ltr'>et</span> <span class='ocrx_word' id='word_1_289' title='bbox 1024 2941 1209 3011; x_wconf 88' lang='lat' dir='ltr'>universae</span> <span class='ocrx_word' id='word_1_290' title='bbox 1225 2939 1318 3010; x_wconf 87' lang='lat' dir='ltr'>Ger-</span> 
     </span>
     <span class='ocr_line' id='line_1_23' title="bbox 323 3033 2348 3160; baseline 0.006 -56"><span class='ocrx_word' id='word_1_291' title='bbox 323 3038 463 3107; x_wconf 91' lang='lat' dir='ltr'>maniae</span> <span class='ocrx_word' id='word_1_292' title='bbox 485 3038 660 3113; x_wconf 89' lang='lat' dir='ltr'>salutaris.</span> <span class='ocrx_word' id='word_1_293' title='bbox 711 3036 809 3108; x_wconf 89' lang='lat' dir='ltr'>Bene</span> <span class='ocrx_word' id='word_1_294' title='bbox 832 3039 921 3112; x_wconf 88' lang='lat' dir='ltr'>vale.</span> <span class='ocrx_word' id='word_1_295' title='bbox 972 3040 1016 3113; x_wconf 86' lang='lat' dir='ltr'>D.</span> <span class='ocrx_word' id='word_1_296' title='bbox 1033 3033 1203 3113; x_wconf 79' lang='lat' dir='ltr'>Lnrhero</span> <span class='ocrx_word' id='word_1_297' title='bbox 1217 3057 1319 3133; x_wconf 89' lang='lat' dir='ltr'>opta·</span> <span class='ocrx_word' id='word_1_298' title='bbox 1366 3074 1422 3145; x_wconf 71' lang='lat' dir='ltr'>N⁰</span> <span class='ocrx_word' id='word_1_299' title='bbox 1449 3075 1551 3145; x_wconf 65' lang='lat'>3270</span> <span class='ocrx_word' id='word_1_300' title='bbox 2233 3084 2287 3148; x_wconf 56' lang='lat' dir='ltr'>eg</span> <span class='ocrx_word' id='word_1_301' title='bbox 2307 3079 2348 3160; x_wconf 51' lang='lat' dir='ltr'>g)</span> 
     </span>
     <span class='ocr_line' id='line_1_24' title="bbox 322 3124 2362 3235; baseline 0.003 -29"><span class='ocrx_word' id='word_1_302' title='bbox 322 3138 392 3207; x_wconf 89' lang='lat' dir='ltr'>rim</span> <span class='ocrx_word' id='word_1_303' title='bbox 414 3153 449 3210; x_wconf 93' lang='lat' dir='ltr'>te</span> <span class='ocrx_word' id='word_1_304' title='bbox 467 3140 629 3215; x_wconf 87' lang='lat' dir='ltr'>scribere.</span> <span class='ocrx_word' id='word_1_305' title='bbox 682 3139 792 3211; x_wconf 89' lang='lat' dir='ltr'>Datae</span> <span class='ocrx_word' id='word_1_306' title='bbox 807 3141 845 3209; x_wconf 93' lang='lat' dir='ltr'>in</span> <span class='ocrx_word' id='word_1_307' title='bbox 868 3142 1091 3235; x_wconf 82' lang='lat' dir='ltr'>aequinoctio</span> <span class='ocrx_word' id='word_1_308' title='bbox 1108 3145 1318 3231; x_wconf 89' lang='lat' dir='ltr'>autumnali,</span> <span class='ocrx_word' id='word_1_309' title='bbox 1373 3130 1563 3202; x_wconf 41' lang='grc' dir='ltr'>θ’θ’</span> <span class='ocrx_word' id='word_1_310' title='bbox 2207 3124 2362 3206; x_wconf 53' lang='lat' dir='ltr'>*lu-</span> 
     </span>
    </p>
   </div>
   <div class='ocr_carea' id='block_1_3' title="bbox 234 3237 1964 3387">
    <p class='ocr_par' dir='ltr' id='par_1_4' title="bbox 234 3237 1964 3387">
     <span class='ocr_line' id='line_1_25' title="bbox 234 3237 1964 3387; baseline 0.003 -30"><span class='ocrx_word' id='word_1_311' title='bbox 234 3253 236 3258; x_wconf 34' lang='lat'>⁵</span> <span class='ocrx_word' id='word_1_312' title='bbox 324 3237 434 3315; x_wconf 75' lang='lat'><strong>¹⁵45·</strong></span> <span class='ocrx_word' id='word_1_313' title='bbox 1770 3271 1964 3387; x_wconf 81' lang='lat' dir='ltr'>Pegella.</span> 
     </span>
    </p>
   </div>
   <div class='ocr_carea' id='block_1_4' title="bbox 1399 3437 2358 3564">
    <p class='ocr_par' dir='ltr' id='par_1_5' title="bbox 1399 3437 2358 3564">
     <span class='ocr_line' id='line_1_26' title="bbox 1399 3437 2358 3564; baseline 0 -70"><span class='ocrx_word' id='word_1_314' title='bbox 1399 3437 1663 3564; x_wconf 50' lang='lat' dir='ltr'>lssxfflwglffiltlko</span> <span class='ocrx_word' id='word_1_315' title='bbox 1685 3438 1714 3493; x_wconf 91' lang='lat' dir='ltr'>in</span> <span class='ocrx_word' id='word_1_316' title='bbox 1741 3439 1806 3494; x_wconf 86' lang='lat' dir='ltr'>bibl.</span> <span class='ocrx_word' id='word_1_317' title='bbox 1830 3437 1994 3513; x_wconf 70' lang='grc' dir='ltr'>Μεγαλῐιρχ.</span> <span class='ocrx_word' id='word_1_318' title='bbox 2014 3438 2142 3497; x_wconf 76' lang='lat' dir='ltr'>Badens.</span> <span class='ocrx_word' id='word_1_319' title='bbox 2166 3443 2323 3514; x_wconf 78' lang='lat' dir='ltr'>descriptum</span> <span class='ocrx_word' id='word_1_320' title='bbox 2345 3459 2358 3494; x_wconf 79' lang='lat' dir='ltr'>r</span> 
     </span>
    </p>
   </div>
   <div class='ocr_carea' id='block_1_5' title="bbox 1372 2945 2368 2966">
    <p class='ocr_par' dir='ltr' id='par_1_6' title="bbox 1372 2945 2368 2966">
     <span class='ocr_line' id='line_1_27' title="bbox 1372 2945 2368 2966; baseline -0.008 2"><span class='ocrx_word' id='word_1_321' title='bbox 1372 2947 1803 2966; x_wconf 40' lang='lat' dir='ltr'>——n--p--n</span> <span class='ocrx_word' id='word_1_322' title='bbox 2160 2945 2368 2962; x_wconf 44' lang='grc' dir='ltr'>...μ</span> 
     </span>
    </p>
   </div>
   <div class='ocr_carea' id='block_1_6' title="bbox 794 3338 1237 3436">
    <p class='ocr_par' dir='ltr' id='par_1_7' title="bbox 794 3338 1237 3436">
     <span class='ocr_line' id='line_1_28' title="bbox 794 3338 1237 3436; baseline 0.02 -25"><span class='ocrx_word' id='word_1_323' title='bbox 794 3338 985 3436; x_wconf 81' lang='lat' dir='ltr'>Philippus</span> <span class='ocrx_word' id='word_1_324' title='bbox 1011 3342 1237 3420; x_wconf 84' lang='lat' dir='ltr'>Melantlron.</span> 
     </span>
    </p>
   </div>
   <div class='ocr_carea' id='block_1_7' title="bbox 1134 3671 2353 3880">
    <p class='ocr_par' dir='ltr' id='par_1_8' title="bbox 1134 3671 2353 3880">
     <span class='ocr_line' id='line_1_29' title="bbox 1134 3671 2353 3806; baseline -0.007 -60"><span class='ocrx_word' id='word_1_325' title='bbox 1134 3732 1191 3790; x_wconf 33' lang='lat'>13‘</span> <span class='ocrx_word' id='word_1_326' title='bbox 1209 3721 1313 3806; x_wconf 38' lang='lat' dir='ltr'>sepa).</span> <span class='ocrx_word' id='word_1_327' title='bbox 1362 3674 1512 3758; x_wconf 79' lang='lat' dir='ltr'>(Pegella</span> <span class='ocrx_word' id='word_1_328' title='bbox 1528 3673 1674 3756; x_wconf 72' lang='lat' dir='ltr'>epistolae</span> <span class='ocrx_word' id='word_1_329' title='bbox 1684 3672 1946 3736; x_wconf 78' lang='lat' dir='ltr'>cuidam-inclusa.</span> <span class='ocrx_word' id='word_1_330' title='bbox 1972 3671 2052 3742; x_wconf 88' lang='lat' dir='ltr'>Vid.</span> <span class='ocrx_word' id='word_1_331' title='bbox 2065 3683 2160 3760; x_wconf 84' lang='lat' dir='ltr'>epist.</span> <span class='ocrx_word' id='word_1_332' title='bbox 2169 3680 2201 3743; x_wconf 91' lang='lat' dir='ltr'>d.</span> <span class='ocrx_word' id='word_1_333' title='bbox 2216 3675 2353 3759; x_wconf 68' lang='lat' dir='ltr'>taspn</span> 
     </span>
     <span class='ocr_line' id='line_1_30' title="bbox 1139 3777 2353 3880; baseline -0.023 -22"><span class='ocrx_word' id='word_1_334' title='bbox 1139 3815 1309 3841; x_wconf 54' lang='lat' dir='ltr'><em>m</em></span> <span class='ocrx_word' id='word_1_335' title='bbox 1366 3783 1475 3880; x_wconf 77' lang='lat' dir='ltr'>16t5.</span> <span class='ocrx_word' id='word_1_336' title='bbox 1501 3779 1540 3840; x_wconf 81' lang='lat' dir='ltr'>ad</span> <span class='ocrx_word' id='word_1_337' title='bbox 1555 3777 1771 3856; x_wconf 87' lang='lat' dir='ltr'>Theodorum,</span> <span class='ocrx_word' id='word_1_338' title='bbox 1793 3801 1810 3838; x_wconf 92' lang='lat' dir='ltr'>e</span> <span class='ocrx_word' id='word_1_339' title='bbox 1828 3800 1886 3862; x_wconf 82' lang='lat' dir='ltr'>quo</span> <span class='ocrx_word' id='word_1_340' title='bbox 1899 3781 2105 3862; x_wconf 85' lang='lat' dir='ltr'>intelligitur,</span> <span class='ocrx_word' id='word_1_341' title='bbox 2133 3783 2210 3844; x_wconf 76' lang='lat' dir='ltr'>haee</span> <span class='ocrx_word' id='word_1_342' title='bbox 2224 3781 2288 3843; x_wconf 64' lang='lat' dir='ltr'>fere</span> <span class='ocrx_word' id='word_1_343' title='bbox 2299 3780 2353 3842; x_wconf 69' lang='lat' dir='ltr'>hoe</span> 
     </span>
    </p>
   </div>
   <div class='ocr_carea' id='block_1_8' title="bbox 657 3862 2048 3987">
    <p class='ocr_par' dir='ltr' id='par_1_9' title="bbox 657 3862 2048 3987">
     <span class='ocr_line' id='line_1_31' title="bbox 657 3862 2048 3987; baseline -0.026 -10"><span class='ocrx_word' id='word_1_344' title='bbox 657 3897 711 3983; x_wconf 77' lang='lat' dir='ltr'>V.</span> <span class='ocrx_word' id='word_1_345' title='bbox 741 3862 975 3987; x_wconf 48' lang='lat' dir='ltr'>Theodoro·</span> <span class='ocrx_word' id='word_1_346' title='bbox 1125 3943 1130 3950; x_wconf 89' lang='lat'><em>-</em></span> <span class='ocrx_word' id='word_1_347' title='bbox 1680 3895 1816 3963; x_wconf 85' lang='lat' dir='ltr'>temporo</span> <span class='ocrx_word' id='word_1_348' title='bbox 1831 3885 1939 3964; x_wconf 80' lang='lat' dir='ltr'>scripta</span> <span class='ocrx_word' id='word_1_349' title='bbox 1954 3881 2048 3962; x_wconf 85' lang='lat' dir='ltr'>esse.)</span> 
     </span>
    </p>
   </div>
   <div class='ocr_carea' id='block_1_9' title="bbox 386 4026 2396 4252">
    <p class='ocr_par' dir='ltr' id='par_1_10' title="bbox 386 4026 2396 4252">
     <span class='ocr_line' id='line_1_32' title="bbox 386 4026 2348 4137; baseline 0.012 -35"><span class='ocrx_word' id='word_1_350' title='bbox 386 4050 464 4105; x_wconf 82' lang='lat' dir='ltr'>Edita</span> <span class='ocrx_word' id='word_1_351' title='bbox 483 4052 511 4133; x_wconf 76' lang='lat' dir='ltr'>in</span> <span class='ocrx_word' id='word_1_352' title='bbox 530 4054 645 4137; x_wconf 77' lang='lat' dir='ltr'>Peuceri</span> <span class='ocrx_word' id='word_1_353' title='bbox 665 4069 779 4116; x_wconf 82' lang='lat' dir='ltr'>tractatu</span> <span class='ocrx_word' id='word_1_354' title='bbox 799 4065 858 4120; x_wconf 82' lang='lat' dir='ltr'>hist.</span> <span class='ocrx_word' id='word_1_355' title='bbox 876 4086 902 4134; x_wconf 86' lang='lat' dir='ltr'>p.</span> <span class='ocrx_word' id='word_1_356' title='bbox 920 4069 963 4120; x_wconf 83' lang='lat'>68.</span> <span class='ocrx_word' id='word_1_357' title='bbox 981 4080 1007 4122; x_wconf 85' lang='lat' dir='ltr'>et</span> <span class='ocrx_word' id='word_1_358' title='bbox 1028 4070 1055 4123; x_wconf 92' lang='lat' dir='ltr'>in</span> <span class='ocrx_word' id='word_1_359' title='bbox 1077 4072 1181 4130; x_wconf 79' lang='lat' dir='ltr'>Conril.</span> <span class='ocrx_word' id='word_1_360' title='bbox 1200 4078 1311 4135; x_wconf 82' lang='lat' dir='ltr'>hlelan·</span> <span class='ocrx_word' id='word_1_361' title='bbox 1412 4026 1557 4112; x_wconf 55' lang='lat' dir='ltr'>Llldus</span> <span class='ocrx_word' id='word_1_362' title='bbox 1572 4030 1803 4136; x_wconf 62' lang='lat' dir='ltr'>Cyrenaeus,</span> <span class='ocrx_word' id='word_1_363' title='bbox 1819 4033 2110 4136; x_wconf 68' lang='grc' dir='ltr'><strong><em>σῖαυθθφόρθυ,</em></strong></span> <span class='ocrx_word' id='word_1_364' title='bbox 2123 4043 2281 4135; x_wconf 60' lang='lat' dir='ltr'>Primum</span> <span class='ocrx_word' id='word_1_365' title='bbox 2292 4047 2348 4113; x_wconf 83' lang='lat' dir='ltr'>(lo-</span> 
     </span>
     <span class='ocr_line' id='line_1_33' title="bbox 416 4120 2396 4252; baseline 0.023 -80"><span class='ocrx_word' id='word_1_366' title='bbox 416 4120 506 4175; x_wconf 78' lang='lat' dir='ltr'>thome</span> <span class='ocrx_word' id='word_1_367' title='bbox 525 4124 613 4177; x_wconf 83' lang='lat' dir='ltr'>latrms</span> <span class='ocrx_word' id='word_1_368' title='bbox 632 4127 663 4181; x_wconf 90' lang='lat' dir='ltr'>P.</span> <span class='ocrx_word' id='word_1_369' title='bbox 684 4132 832 4252; x_wconf 54' lang='lat' dir='ltr'>Lepiodffi.</span> <span class='ocrx_word' id='word_1_370' title='bbox 870 4135 1046 4192; x_wconf 81' lang='lat' dir='ltr'>Contulimus</span> <span class='ocrx_word' id='word_1_371' title='bbox 1072 4147 1258 4217; x_wconf 86' lang='lat' dir='ltr'>autographon</span> <span class='ocrx_word' id='word_1_372' title='bbox 1283 4153 1310 4205; x_wconf 91' lang='lat' dir='ltr'>in</span> <span class='ocrx_word' id='word_1_373' title='bbox 1462 4145 1535 4214; x_wconf 74' lang='lat' dir='ltr'>cult</span> <span class='ocrx_word' id='word_1_374' title='bbox 1557 4141 1792 4234; x_wconf 79' lang='lat' dir='ltr'>Evangellttm</span> <span class='ocrx_word' id='word_1_375' title='bbox 1817 4143 1860 4211; x_wconf 73' lang='lat' dir='ltr'>all</span> <span class='ocrx_word' id='word_1_376' title='bbox 1882 4139 2096 4216; x_wconf 87' lang='lat' dir='ltr'>Danubium</span> <span class='ocrx_word' id='word_1_377' title='bbox 2124 4147 2166 4215; x_wconf 77' lang='lat' dir='ltr'>ln</span> <span class='ocrx_word' id='word_1_378' title='bbox 2190 4141 2344 4242; x_wconf 62' lang='lat' dir='ltr'>AugtlSlll</span> <span class='ocrx_word' id='word_1_379' title='bbox 2394 4183 2396 4220; x_wconf 79' lang='lat' dir='ltr'>t</span> 
     </span>
    </p>
   </div>
   <div class='ocr_carea' id='block_1_10' title="bbox 419 4190 1926 4335">
    <p class='ocr_par' dir='ltr' id='par_1_11' title="bbox 419 4190 1926 4335">
     <span class='ocr_line' id='line_1_34' title="bbox 419 4190 1926 4335; baseline 0.054 -80"><span class='ocrx_word' id='word_1_380' title='bbox 419 4190 481 4243; x_wconf 82' lang='lat' dir='ltr'>eod.</span> <span class='ocrx_word' id='word_1_381' title='bbox 500 4190 612 4248; x_wconf 75' lang='lat' dir='ltr'>Monac.</span> <span class='ocrx_word' id='word_1_382' title='bbox 631 4195 652 4253; x_wconf 85' lang='lat'>¹·</span> <span class='ocrx_word' id='word_1_383' title='bbox 671 4215 697 4268; x_wconf 80' lang='grc' dir='ltr'>Ρ·</span> <span class='ocrx_word' id='word_1_384' title='bbox 1460 4239 1498 4313; x_wconf 88' lang='lat' dir='ltr'><em>T</em></span> <span class='ocrx_word' id='word_1_385' title='bbox 1498 4243 1660 4331; x_wconf 70' lang='lat' dir='ltr'>iberiae,</span> <span class='ocrx_word' id='word_1_386' title='bbox 1685 4245 1926 4335; x_wconf 79' lang='lat' dir='ltr'>Regensburs·</span> 
     </span>
    </p>
   </div>
   <div class='ocr_carea' id='block_1_11' title="bbox 316 4337 1849 4462">
    <p class='ocr_par' dir='ltr' id='par_1_12' title="bbox 316 4337 1849 4462">
     <span class='ocr_line' id='line_1_35' title="bbox 316 4337 1849 4462; baseline 0.006 -48"><span class='ocrx_word' id='word_1_387' title='bbox 316 4338 543 4418; x_wconf 79' lang='lat' dir='ltr'>Clarissimo</span> <span class='ocrx_word' id='word_1_388' title='bbox 570 4350 647 4422; x_wconf 72' lang='lat' dir='ltr'>ciro</span> <span class='ocrx_word' id='word_1_389' title='bbox 673 4397 725 4409; x_wconf 86' lang='grc'><strong>-</strong></span> <span class='ocrx_word' id='word_1_390' title='bbox 750 4400 802 4412; x_wconf 87' lang='grc'><strong>-</strong></span> <span class='ocrx_word' id='word_1_391' title='bbox 827 4359 882 4434; x_wconf 63' lang='lat'>1),</span> <span class='ocrx_word' id='word_1_392' title='bbox 915 4360 1025 4434; x_wconf 65' lang='lat' dir='ltr'>Vno</span> <span class='ocrx_word' id='word_1_393' title='bbox 1050 4362 1309 4462; x_wconf 57' lang='lat' dir='ltr'><strong><em>Theodoro,</em></strong></span> <span class='ocrx_word' id='word_1_394' title='bbox 1410 4337 1600 4429; x_wconf 81' lang='lat' dir='ltr'>Crescens,</span> <span class='ocrx_word' id='word_1_395' title='bbox 1627 4348 1849 4437; x_wconf 86' lang='lat' dir='ltr'>Mogontiae.</span> 
     </span>
    </p>
   </div>
   <div class='ocr_carea' id='block_1_12' title="bbox 317 4443 1726 4570">
    <p class='ocr_par' dir='ltr' id='par_1_13' title="bbox 317 4443 1726 4570">
     <span class='ocr_line' id='line_1_36' title="bbox 317 4443 1726 4570; baseline 0.026 -55"><span class='ocrx_word' id='word_1_396' title='bbox 317 4446 356 4516; x_wconf 87' lang='lat' dir='ltr'>r&#39;n</span> <span class='ocrx_word' id='word_1_397' title='bbox 383 4448 554 4521; x_wconf 85' lang='lat' dir='ltr'>Ecclesia</span> <span class='ocrx_word' id='word_1_398' title='bbox 579 4451 851 4554; x_wconf 83' lang='lat' dir='ltr'>Noribergensi</span> <span class='ocrx_word' id='word_1_399' title='bbox 879 4459 1022 4536; x_wconf 81' lang='lat' dir='ltr'>docenti</span> <span class='ocrx_word' id='word_1_400' title='bbox 1047 4467 1309 4570; x_wconf 70' lang='lat' dir='ltr'>Evangelium,</span> <span class='ocrx_word' id='word_1_401' title='bbox 1409 4443 1596 4531; x_wconf 61' lang='lat' dir='ltr'>Ckmms’</span> <span class='ocrx_word' id='word_1_402' title='bbox 1623 4450 1726 4521; x_wconf 59' lang='lat' dir='ltr'>Meli·</span> 
     </span>
    </p>
   </div>
   <div class='ocr_carea' id='block_1_13' title="bbox 471 4546 2129 4743">
    <p class='ocr_par' dir='ltr' id='par_1_14' title="bbox 471 4546 2129 4743">
     <span class='ocr_line' id='line_1_37' title="bbox 471 4546 1829 4667; baseline 0 -46"><span class='ocrx_word' id='word_1_403' title='bbox 471 4555 592 4625; x_wconf 83' lang='lat' dir='ltr'>amieo</span> <span class='ocrx_word' id='word_1_404' title='bbox 617 4584 685 4629; x_wconf 80' lang='lat' dir='ltr'>suo</span> <span class='ocrx_word' id='word_1_405' title='bbox 707 4560 772 4635; x_wconf 75' lang='grc' dir='ltr'>καὶ</span> <span class='ocrx_word' id='word_1_406' title='bbox 793 4561 946 4663; x_wconf 48' lang='grc' dir='ltr'><em>ἀδελφῷ</em></span> <span class='ocrx_word' id='word_1_407' title='bbox 969 4566 1147 4667; x_wconf 45' lang='grc' dir='ltr'><strong><em>φιλτάτω,</em></strong></span> <span class='ocrx_word' id='word_1_408' title='bbox 1408 4546 1446 4621; x_wconf 88' lang='grc' dir='ltr'><em>Τ</em></span> <span class='ocrx_word' id='word_1_409' title='bbox 1447 4546 1666 4649; x_wconf 57' lang='lat' dir='ltr'>rophimns,</span> <span class='ocrx_word' id='word_1_410' title='bbox 1681 4548 1829 4621; x_wconf 82' lang='lat' dir='ltr'>Arelati.</span> 
     </span>
     <span class='ocr_line' id='line_1_38' title="bbox 1114 4646 2129 4743; baseline 0 -18"><span class='ocrx_word' id='word_1_411' title='bbox 1114 4646 1123 4671; x_wconf 68' lang='lat'><em>²</em></span> <span class='ocrx_word' id='word_1_412' title='bbox 1407 4651 1567 4725; x_wconf 82' lang='lat' dir='ltr'>Morcus</span> <span class='ocrx_word' id='word_1_413' title='bbox 1591 4654 1695 4725; x_wconf 92' lang='lat' dir='ltr'>Pauli</span> <span class='ocrx_word' id='word_1_414' title='bbox 1710 4650 1904 4743; x_wconf 89' lang='lat' dir='ltr'>discipulus</span> <span class='ocrx_word' id='word_1_415' title='bbox 1922 4650 1962 4719; x_wconf 92' lang='lat' dir='ltr'>in</span> <span class='ocrx_word' id='word_1_416' title='bbox 1978 4647 2129 4725; x_wconf 88' lang='lat' dir='ltr'>Passau.</span> 
     </span>
    </p>
   </div>
   <div class='ocr_carea' id='block_1_14' title="bbox 1399 4751 2341 5645">
    <p class='ocr_par' dir='ltr' id='par_1_15' title="bbox 1407 4751 2341 4948">
     <span class='ocr_line' id='line_1_39' title="bbox 1407 4751 2341 4845; baseline 0.007 -20"><span class='ocrx_word' id='word_1_417' title='bbox 1407 4753 1629 4838; x_wconf 77' lang='lat' dir='ltr'>Maternus,</span> <span class='ocrx_word' id='word_1_418' title='bbox 1660 4751 1759 4823; x_wconf 87' lang='lat' dir='ltr'>Petri</span> <span class='ocrx_word' id='word_1_419' title='bbox 1780 4754 1994 4845; x_wconf 89' lang='lat' dir='ltr'>discipulus,</span> <span class='ocrx_word' id='word_1_420' title='bbox 2020 4751 2207 4830; x_wconf 86' lang='lat' dir='ltr'>Coloniae</span> <span class='ocrx_word' id='word_1_421' title='bbox 2233 4777 2267 4834; x_wconf 90' lang='lat' dir='ltr'>et</span> <span class='ocrx_word' id='word_1_422' title='bbox 2284 4759 2341 4832; x_wconf 79' lang='lat' dir='ltr'>At·</span> 
     </span>
     <span class='ocr_line' id='line_1_40' title="bbox 1456 4857 1643 4948; baseline 0.016 -21"><span class='ocrx_word' id='word_1_423' title='bbox 1456 4857 1643 4948; x_wconf 90' lang='lat' dir='ltr'>gentorati.</span> 
     </span>
    </p>

    <p class='ocr_par' dir='ltr' id='par_1_16' title="bbox 1402 4953 2146 5049">
     <span class='ocr_line' id='line_1_41' title="bbox 1402 4953 2146 5049; baseline 0.003 -17"><span class='ocrx_word' id='word_1_424' title='bbox 1402 4953 1631 5032; x_wconf 82' lang='lat' dir='ltr'>Nathanael</span> <span class='ocrx_word' id='word_1_425' title='bbox 1646 4960 1741 5049; x_wconf 90' lang='lat' dir='ltr'>apud</span> <span class='ocrx_word' id='word_1_426' title='bbox 1755 4957 1943 5048; x_wconf 87' lang='lat' dir='ltr'>bituriges,</span> <span class='ocrx_word' id='word_1_427' title='bbox 1959 4955 2146 5035; x_wconf 80' lang='lat' dir='ltr'>Treviros.</span> 
     </span>
    </p>

    <p class='ocr_par' dir='ltr' id='par_1_17' title="bbox 1402 5057 2038 5152">
     <span class='ocr_line' id='line_1_42' title="bbox 1402 5057 2038 5152; baseline -0.002 -20"><span class='ocrx_word' id='word_1_428' title='bbox 1402 5057 1579 5132; x_wconf 85' lang='lat' dir='ltr'>Lasarns</span> <span class='ocrx_word' id='word_1_429' title='bbox 1597 5062 1823 5132; x_wconf 88' lang='lat' dir='ltr'>resuscitatus</span> <span class='ocrx_word' id='word_1_430' title='bbox 1837 5058 2038 5152; x_wconf 80' lang='lat' dir='ltr'>Massyliae.</span> 
     </span>
    </p>

    <p class='ocr_par' dir='ltr' id='par_1_18' title="bbox 1401 5156 2341 5338">
     <span class='ocr_line' id='line_1_43' title="bbox 1401 5156 2341 5253; baseline -0.002 -16"><span class='ocrx_word' id='word_1_431' title='bbox 1401 5166 1509 5237; x_wconf 92' lang='lat' dir='ltr'>Anno</span> <span class='ocrx_word' id='word_1_432' title='bbox 1533 5164 1672 5235; x_wconf 88' lang='lat' dir='ltr'>domini</span> <span class='ocrx_word' id='word_1_433' title='bbox 1697 5162 1746 5233; x_wconf 79' lang='grc'>35</span> <span class='ocrx_word' id='word_1_434' title='bbox 1766 5162 1942 5253; x_wconf 92' lang='lat' dir='ltr'>lapidatus</span> <span class='ocrx_word' id='word_1_435' title='bbox 1960 5156 2176 5252; x_wconf 88' lang='lat' dir='ltr'>Stephanus</span> <span class='ocrx_word' id='word_1_436' title='bbox 2205 5179 2239 5238; x_wconf 86' lang='lat' dir='ltr'>et</span> <span class='ocrx_word' id='word_1_437' title='bbox 2262 5191 2341 5239; x_wconf 90' lang='lat' dir='ltr'>eon-</span> 
     </span>
     <span class='ocr_line' id='line_1_44' title="bbox 1451 5266 1734 5338; baseline 0 0"><span class='ocrx_word' id='word_1_438' title='bbox 1451 5292 1573 5338; x_wconf 85' lang='lat' dir='ltr'>versus</span> <span class='ocrx_word' id='word_1_439' title='bbox 1590 5266 1734 5338; x_wconf 91' lang='lat' dir='ltr'>Paulus.</span> 
     </span>
    </p>

    <p class='ocr_par' dir='ltr' id='par_1_19' title="bbox 1399 5361 2341 5645">
     <span class='ocr_line' id='line_1_45' title="bbox 1399 5361 2340 5460; baseline -0.001 -18"><span class='ocrx_word' id='word_1_440' title='bbox 1399 5371 1531 5442; x_wconf 87' lang='lat' dir='ltr'>Paulus</span> <span class='ocrx_word' id='word_1_441' title='bbox 1560 5392 1682 5460; x_wconf 90' lang='lat' dir='ltr'>passus</span> <span class='ocrx_word' id='word_1_442' title='bbox 1710 5367 1836 5436; x_wconf 90' lang='lat' dir='ltr'>ultimo</span> <span class='ocrx_word' id='word_1_443' title='bbox 1866 5387 1959 5434; x_wconf 88' lang='lat' dir='ltr'>anno</span> <span class='ocrx_word' id='word_1_444' title='bbox 1992 5361 2156 5441; x_wconf 87' lang='lat' dir='ltr'>Neronis</span> <span class='ocrx_word' id='word_1_445' title='bbox 2188 5372 2340 5444; x_wconf 81' lang='lat' dir='ltr'>videlicet</span> 
     </span>
     <span class='ocr_line' id='line_1_46' title="bbox 1449 5464 2341 5557; baseline 0.003 -16"><span class='ocrx_word' id='word_1_446' title='bbox 1449 5498 1545 5541; x_wconf 91' lang='lat' dir='ltr'>anno</span> <span class='ocrx_word' id='word_1_447' title='bbox 1560 5470 1696 5540; x_wconf 92' lang='lat' dir='ltr'>domini</span> <span class='ocrx_word' id='word_1_448' title='bbox 1713 5467 1774 5541; x_wconf 81' lang='grc'>70.</span> <span class='ocrx_word' id='word_1_449' title='bbox 1824 5464 1920 5557; x_wconf 80' lang='lat' dir='ltr'>Ergo</span> <span class='ocrx_word' id='word_1_450' title='bbox 1935 5468 2175 5546; x_wconf 84' lang='lat' dir='ltr'>concionatus</span> <span class='ocrx_word' id='word_1_451' title='bbox 2193 5489 2245 5549; x_wconf 82' lang='lat' dir='ltr'>est</span> <span class='ocrx_word' id='word_1_452' title='bbox 2257 5474 2341 5547; x_wconf 77' lang='lat' dir='ltr'>Pau·</span> 
     </span>
     <span class='ocr_line' id='line_1_47' title="bbox 1447 5571 1855 5645; baseline -0.005 -2"><span class='ocrx_word' id='word_1_453' title='bbox 1447 5577 1503 5643; x_wconf 92' lang='lat' dir='ltr'>lus</span> <span class='ocrx_word' id='word_1_454' title='bbox 1518 5573 1656 5643; x_wconf 87' lang='lat' dir='ltr'>circiter</span> <span class='ocrx_word' id='word_1_455' title='bbox 1669 5571 1718 5645; x_wconf 73' lang='lat'>55</span> <span class='ocrx_word' id='word_1_456' title='bbox 1734 5592 1855 5641; x_wconf 84' lang='lat' dir='ltr'>annos.</span> 
     </span>
    </p>
   </div>
   <div class='ocr_carea' id='block_1_15' title="bbox 304 4658 1308 5621">
    <p class='ocr_par' dir='ltr' id='par_1_20' title="bbox 304 4658 1308 5621">
     <span class='ocr_line' id='line_1_48' title="bbox 315 4658 1308 4789; baseline 0.04 -41"><span class='ocrx_word' id='word_1_457' title='bbox 315 4658 359 4749; x_wconf 81' lang='lat' dir='ltr'>S.</span> <span class='ocrx_word' id='word_1_458' title='bbox 392 4682 436 4756; x_wconf 89' lang='lat' dir='ltr'>D.</span> <span class='ocrx_word' id='word_1_459' title='bbox 488 4688 578 4759; x_wconf 88' lang='lat' dir='ltr'>Cum</span> <span class='ocrx_word' id='word_1_460' title='bbox 596 4695 640 4762; x_wconf 89' lang='lat' dir='ltr'>de</span> <span class='ocrx_word' id='word_1_461' title='bbox 657 4702 886 4789; x_wconf 89' lang='lat' dir='ltr'>responsione</span> <span class='ocrx_word' id='word_1_462' title='bbox 903 4702 1157 4780; x_wconf 88' lang='lat' dir='ltr'>Ratisbonensi</span> <span class='ocrx_word' id='word_1_463' title='bbox 1172 4715 1308 4787; x_wconf 92' lang='lat' dir='ltr'>delibe-</span> 
     </span>
     <span class='ocr_line' id='line_1_49' title="bbox 313 4791 1306 4905; baseline 0.038 -54"><span class='ocrx_word' id='word_1_464' title='bbox 313 4806 449 4905; x_wconf 80' lang='lat' dir='ltr'>rarem,</span> <span class='ocrx_word' id='word_1_465' title='bbox 482 4791 640 4877; x_wconf 88' lang='lat' dir='ltr'>decrevi,</span> <span class='ocrx_word' id='word_1_466' title='bbox 672 4799 711 4865; x_wconf 95' lang='lat' dir='ltr'>in</span> <span class='ocrx_word' id='word_1_467' title='bbox 731 4807 876 4876; x_wconf 83' lang='lat' dir='ltr'>exordio</span> <span class='ocrx_word' id='word_1_468' title='bbox 899 4799 1129 4881; x_wconf 88' lang='lat' dir='ltr'>recitaturum</span> <span class='ocrx_word' id='word_1_469' title='bbox 1154 4841 1211 4885; x_wconf 93' lang='lat' dir='ltr'>me</span> <span class='ocrx_word' id='word_1_470' title='bbox 1233 4843 1306 4888; x_wconf 91' lang='lat' dir='ltr'>esse</span> 
     </span>
     <span class='ocr_line' id='line_1_50' title="bbox 312 4889 1304 5003; baseline 0.038 -50"><span class='ocrx_word' id='word_1_471' title='bbox 312 4899 440 4958; x_wconf 74' lang='lat' dir='ltr'>veteris</span> <span class='ocrx_word' id='word_1_472' title='bbox 467 4889 681 4966; x_wconf 89' lang='lat' dir='ltr'>Germaniae</span> <span class='ocrx_word' id='word_1_473' title='bbox 704 4896 895 4992; x_wconf 88' lang='lat' dir='ltr'>Ecclesias,</span> <span class='ocrx_word' id='word_1_474' title='bbox 922 4935 1012 5003; x_wconf 90' lang='lat' dir='ltr'>quae</span> <span class='ocrx_word' id='word_1_475' title='bbox 1036 4929 1117 4984; x_wconf 90' lang='lat' dir='ltr'>ante</span> <span class='ocrx_word' id='word_1_476' title='bbox 1135 4914 1304 4990; x_wconf 87' lang='lat' dir='ltr'>Gotthica</span> 
     </span>
     <span class='ocr_line' id='line_1_51' title="bbox 312 4995 1304 5104; baseline 0.039 -51"><span class='ocrx_word' id='word_1_477' title='bbox 312 4999 469 5104; x_wconf 84' lang='lat' dir='ltr'>tempora</span> <span class='ocrx_word' id='word_1_478' title='bbox 486 5017 505 5061; x_wconf 91' lang='lat' dir='ltr'>a</span> <span class='ocrx_word' id='word_1_479' title='bbox 520 4995 704 5087; x_wconf 88' lang='lat' dir='ltr'>discipulis</span> <span class='ocrx_word' id='word_1_480' title='bbox 719 4998 972 5093; x_wconf 84' lang='lat' dir='ltr'>Apostolorum</span> <span class='ocrx_word' id='word_1_481' title='bbox 990 5014 1205 5101; x_wconf 85' lang='lat' dir='ltr'>†primum”</span> <span class='ocrx_word' id='word_1_482' title='bbox 1218 5046 1304 5091; x_wconf 89' lang='lat' dir='ltr'>con-</span> 
     </span>
     <span class='ocr_line' id='line_1_52' title="bbox 311 5096 1301 5213; baseline 0.038 -58"><span class='ocrx_word' id='word_1_483' title='bbox 311 5100 452 5161; x_wconf 74' lang='lat' dir='ltr'>stitutae</span> <span class='ocrx_word' id='word_1_484' title='bbox 474 5110 568 5166; x_wconf 88' lang='lat' dir='ltr'>snnt.</span> <span class='ocrx_word' id='word_1_485' title='bbox 615 5097 657 5168; x_wconf 97' lang='lat' dir='ltr'>ln</span> <span class='ocrx_word' id='word_1_486' title='bbox 677 5096 733 5170; x_wconf 89' lang='lat' dir='ltr'>his</span> <span class='ocrx_word' id='word_1_487' title='bbox 748 5120 797 5175; x_wconf 88' lang='lat' dir='ltr'>est</span> <span class='ocrx_word' id='word_1_488' title='bbox 811 5105 1097 5199; x_wconf 87' lang='lat' dir='ltr'>Ratisbonensis,</span> <span class='ocrx_word' id='word_1_489' title='bbox 1120 5127 1301 5213; x_wconf 89' lang='lat' dir='ltr'>quampri-</span> 
     </span>
     <span class='ocr_line' id='line_1_53' title="bbox 309 5198 1302 5311; baseline 0.04 -56"><span class='ocrx_word' id='word_1_490' title='bbox 309 5212 407 5305; x_wconf 80' lang='lat' dir='ltr'>mum</span> <span class='ocrx_word' id='word_1_491' title='bbox 432 5198 615 5311; x_wconf 80' lang='lat' dir='ltr'>constitnit</span> <span class='ocrx_word' id='word_1_492' title='bbox 635 5201 767 5276; x_wconf 89' lang='lat' dir='ltr'>Lucius</span> <span class='ocrx_word' id='word_1_493' title='bbox 789 5206 1009 5303; x_wconf 89' lang='lat' dir='ltr'>Cyrenaeus,</span> <span class='ocrx_word' id='word_1_494' title='bbox 1035 5216 1128 5287; x_wconf 86' lang='lat' dir='ltr'>lilius</span> <span class='ocrx_word' id='word_1_495' title='bbox 1150 5222 1226 5292; x_wconf 87' lang='lat' dir='ltr'>eins</span> <span class='ocrx_word' id='word_1_496' title='bbox 1248 5251 1302 5295; x_wconf 92' lang='lat' dir='ltr'>se-</span> 
     </span>
     <span class='ocr_line' id='line_1_54' title="bbox 308 5298 1300 5399; baseline 0.043 -45"><span class='ocrx_word' id='word_1_497' title='bbox 308 5312 383 5375; x_wconf 89' lang='lat' dir='ltr'>ms,</span> <span class='ocrx_word' id='word_1_498' title='bbox 419 5318 479 5385; x_wconf 84' lang='lat' dir='ltr'>qur</span> <span class='ocrx_word' id='word_1_499' title='bbox 514 5298 550 5365; x_wconf 93' lang='lat' dir='ltr'>in</span> <span class='ocrx_word' id='word_1_500' title='bbox 585 5309 751 5389; x_wconf 88' lang='lat' dir='ltr'>gestanda</span> <span class='ocrx_word' id='word_1_501' title='bbox 779 5336 881 5381; x_wconf 88' lang='lat' dir='ltr'>cruce</span> <span class='ocrx_word' id='word_1_502' title='bbox 913 5314 1024 5385; x_wconf 85' lang='lat' dir='ltr'>filium</span> <span class='ocrx_word' id='word_1_503' title='bbox 1052 5316 1119 5389; x_wconf 90' lang='lat' dir='ltr'>Dei</span> <span class='ocrx_word' id='word_1_504' title='bbox 1153 5326 1300 5399; x_wconf 75' lang='lat' dir='ltr'>adiurit.</span> 
     </span>
     <span class='ocr_line' id='line_1_55' title="bbox 306 5388 1299 5511; baseline 0.044 -53"><span class='ocrx_word' id='word_1_505' title='bbox 306 5388 424 5464; x_wconf 89' lang='lat' dir='ltr'>Multa</span> <span class='ocrx_word' id='word_1_506' title='bbox 445 5398 629 5488; x_wconf 88' lang='lat' dir='ltr'>splendide</span> <span class='ocrx_word' id='word_1_507' title='bbox 654 5408 691 5475; x_wconf 95' lang='lat' dir='ltr'>in</span> <span class='ocrx_word' id='word_1_508' title='bbox 715 5405 782 5480; x_wconf 87' lang='lat' dir='ltr'>hoc</span> <span class='ocrx_word' id='word_1_509' title='bbox 806 5416 951 5485; x_wconf 87' lang='lat' dir='ltr'>exordio</span> <span class='ocrx_word' id='word_1_510' title='bbox 976 5421 1021 5487; x_wconf 91' lang='lat' dir='ltr'>ad</span> <span class='ocrx_word' id='word_1_511' title='bbox 1039 5423 1116 5511; x_wconf 91' lang='lat' dir='ltr'>pios</span> <span class='ocrx_word' id='word_1_512' title='bbox 1137 5420 1299 5501; x_wconf 91' lang='lat' dir='ltr'>homines</span> 
     </span>
     <span class='ocr_line' id='line_1_56' title="bbox 304 5495 1298 5621; baseline 0.045 -62"><span class='ocrx_word' id='word_1_513' title='bbox 304 5495 565 5616; x_wconf 71' lang='lat' dir='ltr'>confirmandos</span> <span class='ocrx_word' id='word_1_514' title='bbox 581 5530 666 5621; x_wconf 34' lang='lat' dir='ltr'>&#39;cum</span> <span class='ocrx_word' id='word_1_515' title='bbox 695 5511 731 5579; x_wconf 92' lang='lat' dir='ltr'>in</span> <span class='ocrx_word' id='word_1_516' title='bbox 755 5538 793 5608; x_wconf 82' lang='lat' dir='ltr'>ea</span> <span class='ocrx_word' id='word_1_517' title='bbox 810 5516 965 5603; x_wconf 87' lang='lat' dir='ltr'>civitate,</span> <span class='ocrx_word' id='word_1_518' title='bbox 994 5535 1068 5591; x_wconf 90' lang='lat' dir='ltr'>tum</span> <span class='ocrx_word' id='word_1_519' title='bbox 1088 5551 1171 5596; x_wconf 89' lang='lat' dir='ltr'>vero</span> <span class='ocrx_word' id='word_1_520' title='bbox 1188 5531 1225 5598; x_wconf 95' lang='lat' dir='ltr'>in</span> <span class='ocrx_word' id='word_1_521' title='bbox 1241 5559 1298 5603; x_wconf 91' lang='lat' dir='ltr'>ce-</span> 
     </span>
    </p>
   </div>
   <div class='ocr_carea' id='block_1_16' title="bbox 1347 5746 1538 5757">
    <p class='ocr_par' dir='ltr' id='par_1_21' title="bbox 1347 5746 1538 5757">
     <span class='ocr_line' id='line_1_57' title="bbox 1347 5746 1538 5757; baseline -0.021 0"><span class='ocrx_word' id='word_1_522' title='bbox 1347 5746 1538 5757; x_wconf 49' lang='grc' dir='ltr'>μμ...-</span> 
     </span>
    </p>
   </div>
   <div class='ocr_carea' id='block_1_17' title="bbox 330 5828 2344 5961">
    <p class='ocr_par' dir='ltr' id='par_1_22' title="bbox 330 5828 2344 5961">
     <span class='ocr_line' id='line_1_58' title="bbox 330 5828 2344 5961; baseline -0.007 -57"><span class='ocrx_word' id='word_1_523' title='bbox 330 5865 359 5918; x_wconf 63' lang='lat' dir='ltr'>a)</span> <span class='ocrx_word' id='word_1_524' title='bbox 378 5869 479 5940; x_wconf 44' lang='lat' dir='ltr'><strong>slmnh,</strong></span> <span class='ocrx_word' id='word_1_525' title='bbox 493 5876 537 5929; x_wconf 85' lang='lat' dir='ltr'>edi</span> <span class='ocrx_word' id='word_1_526' title='bbox 541 5880 595 5933; x_wconf 84' lang='lat' dir='ltr'>dit:</span> <span class='ocrx_word' id='word_1_527' title='bbox 612 5883 735 5958; x_wconf 54' lang='lat' dir='ltr'>sum,</span> <span class='ocrx_word' id='word_1_528' title='bbox 755 5908 786 5943; x_wconf 55' lang='lat' dir='ltr'>u</span> <span class='ocrx_word' id='word_1_529' title='bbox 803 5897 993 5955; x_wconf 66' lang='lat' dir='ltr'>emendatione</span> <span class='ocrx_word' id='word_1_530' title='bbox 1006 5922 1062 5961; x_wconf 42' lang='lat' dir='ltr'>m·</span> <span class='ocrx_word' id='word_1_531' title='bbox 1375 5829 1595 5960; x_wconf 46' lang='lat' dir='ltr'>maglmgtffiit</span> <span class='ocrx_word' id='word_1_532' title='bbox 1613 5831 1668 5886; x_wconf 82' lang='lat' dir='ltr'>ric:</span> <span class='ocrx_word' id='word_1_533' title='bbox 1698 5829 1742 5883; x_wconf 87' lang='lat' dir='ltr'>die</span> <span class='ocrx_word' id='word_1_534' title='bbox 1764 5828 1805 5886; x_wconf 75' lang='lat'>13.</span> <span class='ocrx_word' id='word_1_535' title='bbox 1824 5829 1944 5903; x_wconf 77' lang='lat' dir='ltr'>serrem.</span> <span class='ocrx_word' id='word_1_536' title='bbox 1964 5828 2011 5902; x_wconf 77' lang='lat' dir='ltr'>qni</span> <span class='ocrx_word' id='word_1_537' title='bbox 2028 5828 2083 5885; x_wconf 79' lang='lat' dir='ltr'>rute</span> <span class='ocrx_word' id='word_1_538' title='bbox 2100 5831 2165 5892; x_wconf 81' lang='lat' dir='ltr'>dies</span> <span class='ocrx_word' id='word_1_539' title='bbox 2185 5837 2344 5913; x_wconf 76' lang='lat' dir='ltr'>aequinocti</span> 
     </span>
    </p>
   </div>
   <div class='ocr_carea' id='block_1_18' title="bbox 0 0 2668 6917">
    <p class='ocr_par' dir='ltr' id='par_1_23' title="bbox 0 0 2668 6917">
     <span class='ocr_line' id='line_1_59' title="bbox 0 0 2668 6917; baseline 0 18"><span class='ocrx_word' id='word_1_540' title='bbox 0 0 2668 6917; x_wconf 95' lang='lat' dir='ltr'> </span> 
     </span>
    </p>
   </div>
  </div>
 </body>
</html>
