5325 6917
302 639 376 711 771

307 809 489 906 quaeritur
504 810 632 877 veritas
656 804 728 874 illis
740 799 871 873 fucosis
888 799 1105 881 actionibus,
1130 818 1195 863 nec
1210 815 1296 862 con-

309 914 436 985 sulitur
449 911 538 1004 paci.
570 909 667 980 Bene
681 921 714 977 et
733 905 884 975 feliciter
897 903 986 974 vale.
1024 898 1092 968 Die
1105 895 1273 969 Solsticii.

955 1082 1051 1159 Phil.
1074 1075 1250 1203 Melanth.

331 1339 538 1351 ——..—-----.—--v
553 1336 673 1345 --.--
686 1334 789 1341 --——
802 1333 900 1340 —-——
911 1321 1305 1339 --..-——.-—-.----

1151 1502 1208 1565 15.
1228 1490 1297 1554 lun.

1129 1583 1301 1615 w

739 1695 796 1779 N.
830 1691 884 1776 N.

388 1862 407 1928 †
427 1857 462 1909 Er
473 1873 565 1925 apogr.
580 1853 608 1906 in
622 1853 685 1907 cod.
698 1851 783 1905 Paris.
799 1852 834 1907 l).
847 1851 877 1908 l..
891 1849 952 1903 54³.
969 1875 1005 1885 -
1039 1844 1087 1900 Est
1098 1841 1209 1916 epistola
1222 1838 1308 1893 aMe·

425 1925 554 1979 leuthone
569 1923 731 1993 praescripta
745 1922 888 1992 discipulo.

581 2073 793 2149 Reverendo
821 2077 898 2147 niro
921 2071 974 2150 Ν.
999 2067 1051 2148 N·

320 2194 638 2284 Reverendissimc
652 2211 807 2282 Domine
823 2225 858 2281 et
873 2224 997 2303 patrue
1010 2201 1198 2277 carissime.
1235 2196 1312 2267 To-

323 2329 360 2385 to
376 2332 516 2408 pectore
540 2316 607 2386 tibi
621 2317 748 2404 gratias
762 2338 825 2404 ago
842 2338 905 2405 pro
922 2326 982 2383 tua
997 2321 1142 2400 paterna
1156 2325 1237 2391 erga
1254 2322 1311 2367 me

321 2418 472 2508 pietate,
498 2432 533 2488 et
555 2418 700 2488 annitor
721 2418 821 2486 omni
843 2416 977 2496 studio,
1003 2425 1043 2480 ut
1065 2431 1143 2477 mea
1159 2403 1312 2491 diligen-

322 2520 371 2589 tia
389 2520 427 2588 in
443 2522 611 2590 discendo
629 2534 664 2589 et
678 2519 757 2590 aliis
773 2515 932 2586 honestis
947 2512 1071 2583 officiis
1085 2523 1166 2578 tuae
1181 2504 1311 2573 volun-

322 2622 386 2689 tati
416 2624 645 2712 respondeat,
683 2644 742 2702 ac,
775 2616 851 2687 Deo
875 2618 1003 2697 dante,
1044 2607 1240 2703 perficiam,
1271 2616 1312 2672 ut

322 2745 397 2790 non
412 2723 534 2791 fallam
550 2720 823 2812 expectationem
839 2719 884 2786 de
902 2741 957 2785 me
975 2730 1083 2786 tuam.

424 2821 543 2892 Multa
566 2818 625 2891 hic
647 2844 740 2890 nova
760 2821 934 2889 feruntur.
984 2813 1130 2885 Certum
1149 2822 1201 2879 est
1215 2805 1314 2876 Tur-

322 2925 415 2995 cicos
440 2925 614 3007 latrones,
648 2923 709 3016 qui
738 2934 823 2990 sunt
849 2918 991 3004 Budae,
1025 2915 1212 3008 populatos
1239 2932 1313 2978 esse

323 3025 487 3120 styriam,
501 3039 536 3096 et
550 3026 681 3094 multos
695 3023 852 3116 captivos
867 3023 1039 3091 abductos
1049 3032 1082 3087 et
1090 3014 1192 3086 2000
1199 3008 1314 3103 Equi-

321 3140 400 3198 tum
432 3126 607 3198 trucidata
640 3151 724 3199 esse.
781 3119 981 3195 Sodolefns
1006 3115 1208 3191 Cardinalis
1241 3116 1312 3184 duo

323 3230 454 3320 oppida
476 3243 511 3298 et
535 3229 671 3320 aliquot
690 3252 799 3320 pagos
820 3252 896 3296 non
918 3223 1045 3318 procul
1067 3222 1113 3291 ab
1131 3215 1313 3287 Avinione

322 3326 527 3419 iuravit(?)
537 3326 573 3419 *)
590 3329 732 3398 incendi
748 3344 783 3400 et
798 3329 968 3400 trucidari
981 3326 1130 3417 puberes
1145 3333 1180 3389 et
1194 3318 1314 3407 impu-

321 3430 423 3498 beres
438 3439 624 3519 propterea
640 3433 737 3519 quod
750 3428 929 3500 Ecclesiae
952 3430 991 3498 in
1012 3451 1052 3496 ea
1067 3424 1211 3513 regione
1227 3442 1313 3489 con·

323 3529 466 3600 stitutae
498 3528 639 3597 fuerant
669 3529 715 3597 ad
738 3529 887 3597 formam
909 3526 1101 3599 Beruensis
1123 3520 1313 3602 Ecclesiae,

230 3670 233 3676 ·
322 3652 413 3725 quae
434 3630 565 3699 dicitur
578 3630 710 3700 sentire
731 3655 812 3700 cum
829 3630 961 3699 nostris
976 3626 1155 3699 Ecclesiis.
1205 3621 1313 3692 Prae-

895 614 1336 699 EPISTOLARUM
1387 606 1583 685 LlB.lX.
1636 605 1773 682 1545.

2296 600 2371 674 772

1367 777 1566 876 Magistro
1590 770 1818 850 Mattheo
1845 766 2041 849 Collino
2067 776 2111 848 in
2140 767 2360 845 Academia

1757 873 1955 974 Progensi.

1351 998 1397 1089 S·
1421 1015 1468 1089 D.
1519 1002 1891 1088 ClarissimeColline.
1942 1012 2045 1084 Hanc
2061 1009 2273 1106 epistolam
2290 1008 2375 1078 scri·

1354 1120 1410 1212 psi
1433 1118 1489 1186 die
1505 1114 1699 1208 Baptistae,
1721 1117 1874 1207 collegae
1896 1116 2027 1199 nostri,
2054 1114 2122 1208 qui
2147 1112 2373 1184 instauravit

1356 1218 1543 1308 Evangelii
1564 1219 1699 1303 lucem,
1740 1243 1821 1287 cum
1842 1218 1936 1287 lilius
1957 1217 2024 1288 Dei
2046 1240 2084 1285 se
2109 1217 2246 1308 palam
2271 1213 2373 1283 terris

1356 1348 1396 1392 ac
1418 1320 1539 1410 generi
1560 1314 1717 1388 humano
1738 1323 1949 1393 ostenderet.
2005 1316 2238 1410 Cogitabam
2266 1316 2373 1406 igitur

1359 1423 1514 1516 pericula
1537 1421 1651 1490 nostri
1673 1422 1831 1506 ordinis,
1856 1423 1938 1491 illos
1951 1443 2112 1491 summos
2130 1421 2243 1489 viros
2254 1433 2371 1488 mente

1359 1527 1522 1607 intuens,
1555 1546 1595 1591 ac
1624 1548 1680 1592 me
1701 1525 1794 1593 fama
1822 1526 1865 1592 de
1890 1526 2043 1593 discessu
2069 1510 2225 1592 Caroli
2255 1521 2369 1614 quinti

1361 1624 1587 1718 Imperatoris
1602 1649 1642 1692 ex
1657 1638 1854 1709 conventu,
1879 1626 1941 1718 qui
1955 1625 2025 1696 fuit
2040 1625 2079 1694 in
2092 1626 2192 1695 urbe
2207 1622 2369 1714 Vangio-

1360 1754 1464 1811 num,
1490 1740 1530 1796 ut
1547 1720 1633 1794 haec
1651 1727 1818 1796 attentius
1833 1730 2044 1817 cogitarem,
2068 1738 2261 1799 moverat.
2303 1725 2369 1796 Po-

1360 1829 1502 1900 stulavit
1517 1825 1666 1897 Carolus
1682 1829 1891 1919 imperator,
1908 1844 1949 1901 ut
1963 1830 2076 1899 nostri
2095 1829 2370 1922 promitterent,

1360 1957 1396 2002 se
1414 1932 1647 2024 permissuros
1670 1931 1907 2019 cognitionem
1937 1931 2082 2025 Synodo
2111 1930 2369 2016 Tridentinae,

1361 2059 1399 2104 ac
1414 2032 1587 2115 ostendit,
1611 2055 1647 2099 se
1663 2045 1886 2112 curaturum,
1910 2046 1950 2102 ut
1965 2057 2019 2103 res
2033 2034 2300 2104 iudicarentur
2311 2057 2367 2126 per

1361 2131 1524 2204 homines
1546 2133 1714 2218 delectos,
1740 2158 1813 2203 non
1837 2159 1900 2224 per
1914 2133 2122 2207 Romanum
2138 2134 2367 2209 Pontificem.

1361 2225 1555 2306 Nostri'his
1573 2236 1754 2326 promissis
1769 2262 1842 2305 non
1858 2239 1935 2306 ausi
1948 2251 2031 2308 sunt
2045 2238 2173 2313 fidere.
2227 2235 2369 2309 Disces-

1361 2338 1408 2407 sit
1431 2337 1540 2426 igitur
1563 2335 1651 2426 lmp.
1671 2334 1840 2423 Carolus,
1874 2353 1907 2410 et
1929 2354 2129 2410 conventus
2152 2362 2369 2436 καταστρο-

1361 2434 1439 2534 φὴν
1459 2434 1584 2521 habet,
1609 2451 1650 2508 ut
1664 2440 1791 2525 audio,
1815 2441 1996 2515 incertam.
2049 2440 2125 2512 Sed
2147 2440 2272 2514 Deum
2285 2431 2364 2513 oress

1362 2564 1460 2625 mus,
1484 2553 1526 2608 ut
1540 2535 1733 2610 Ecclesiam
1746 2542 1814 2611 sibi
1832 2542 1992 2632 colligat,
2016 2558 2136 2616 servet
2154 2560 2194 2617 et
2217 2558 2324 2636 regat.

1464 2637 1571 2710 Hunc
1590 2634 1800 2712 Iohannem
1826 2645 1893 2714 tibi
1914 2648 2143 2723 commendo.
2197 2645 2370 2739 Comperi

1363 2742 1459 2812 enim
1475 2744 1571 2812 bono
1588 2744 1731 2834 ingenio
1747 2747 1947 2837 praeditum
1964 2772 2053 2834 esse,
2078 2763 2115 2820 et
2136 2749 2300 2821 feliciter
2314 2749 2370 2819 di-

1364 2845 1489 2914 dicisse
1512 2869 1593 2915 eum
1616 2869 1672 2916 res
1696 2843 1871 2921 honestas.
1923 2846 2001 2939 lpse
2023 2852 2150 2920 statim
2173 2851 2369 2942 intelliges,

1364 2971 1472 3041 quare
1488 2971 1569 3017 eum
1586 2950 1826 3040 complectere.
1879 2949 2077 3021 Foveamus
2092 2967 2268 3023 nostrum
2290 2977 2369 3045 grc-

1363 3072 1459 3140 gem‚
1486 3045 1554 3118 hoc
1581 3062 1632 3119 est
1655 3044 1817 3121 homines
1832 3052 1936 3121 bonis
1955 3053 2110 3143 ingeniis
2126 3056 2316 3146 praeditos
2335 3069 2369 3126 et

1364 3151 1518 3220 excultos
1546 3149 1659 3220 literis
1686 3175 1727 3221 ac
1760 3153 2045 3224 circumferentes
2066 3157 2280 3227 doctrinam
2302 3157 2369 3226 filii

1363 3251 1430 3321 Dei
1452 3275 1492 3320 ac
1512 3251 1747 3337 celebrantes,
1782 3269 1823 3326 ut
1851 3252 2010 3348 Baptista
2041 3259 2263 3343 celebrabat,
2296 3282 2367 3328 nec

1362 3354 1565 3440 frangamur
1585 3355 1733 3441 animis,
1764 3358 1900 3426 etiamsi
1923 3359 2081 3449 pericula
2103 3374 2365 3452 proponantur.

1363 3453 1527 3525 Servabit
1542 3456 1639 3524 enim
1653 3458 1752 3526 Deus
1768 3456 1962 3529 Ecclesiam
1976 3483 2090 3535 suam.
2143 3459 2241 3532 Bene
2256 3475 2294 3532 et
2305 3463 2363 3532 fe-

1363 3556 1478 3625 liciter
1493 3557 1582 3631 vale.
1610 3556 1721 3633 1545.

321 3732 404 3802 fecti
418 3730 561 3801 Turcici
576 3734 777 3803 concedunt
796 3731 835 3800 in
848 3730 1006 3819 Ungaria
1019 3729 1172 3820 populo,
1197 3739 1238 3797 ut
1249 3748 1314 3793 vo-
1369 3762 1403 3769 --

323 3848 405 3904 cent
424 3829 586 3904 Pastores
606 3830 848 3904 Ecclesiarum
875 3857 938 3902 suo
965 3831 1119 3910 iudicio,
1153 3826 1314 3897 etmulti

321 3947 509 4019 vocantur,
526 3936 589 4028 qui
606 3960 693 4025 pure
702 3938 831 4006 docent
845 3932 1091 4024 Evangelium.
1142 3926 1195 3999 Ac
1211 3951 1314 4018 prae-
1420 3952 1429 3971 ·
1551 3951 1562 3973 ·

321 4036 405 4105 fecti
424 4038 646 4105 securitatem
671 4037 757 4128 ipsis
779 4038 1004 4130 promittunt.
1062 4032 1106 4102 ln
1128 4032 1217 4102 urbe
1240 4017 1313 4097 Co-

323 4159 418 4206 rona
434 4137 531 4207 docti
545 4137 614 4205 viri
632 4139 736 4207 etiam
752 4134 1040 4232 typographicam
1055 4135 1232 4204 officinam
1256 4132 1314 4200 in·
1378 4172 1387 4183 =

321 4251 545 4323 struxerunt,
570 4252 605 4308 et
617 4263 713 4310 nunc
730 4243 906 4311 excudunt
920 4262 1042 4329 graece
1057 4237 1227 4327 scriptum
1243 4230 1313 4302 Ca·

319 4336 549 4426 techismum,
573 4355 614 4412 ut
634 4366 759 4432 puram
775 4340 961 4433 Evangelii
982 4340 1180 4422 doctrinam
1203 4337 1242 4405 in
1258 4335 1314 4403 vi·

320 4443 419 4513 cinas
437 4458 577 4533 gentes,
604 4468 694 4538 quae
718 4467 840 4534 graeca
871 4445 992 4534 lingua
1024 4454 1194 4523 utuntur,
1227 4462 1313 4529 pro-

321 4565 449 4634 pagare
468 4546 617 4635 possint.
669 4544 767 4619 Bene
781 4549 869 4621 vale.
919 4544 987 4616 Die
1001 4543 1079 4614 Viti
1097 4538 1206 4615 1545.

907 4730 1062 4805 Praescr.
1078 4723 1261 4822 Philippo.

1029 4966 1311 4980 O*—

331 5120 399 5196 No.
413 5122 526 5196 5201.

319 5218 530 5250 Μ
1135 5225 1306 5255 ww

683 5330 744 5420 M.
776 5327 951 5419 Collino.

387 5483 467 5558 †Ex
485 5505 580 5560 apogr.
601 5485 630 5541 in
648 5489 711 5545 cod.
728 5487 815 5546 Paris.
833 5489 870 5547 Ι).
887 5490 919 5547 1..
937 5492 997 5547 54⁸.

317 5651 546 5673 ——l-——u

352 5782 383 5850 *J
401 5782 529 5836 iuravit?
543 5784 685 5842 Fortenses
701 5786 793 5842 iussit·

1599 4095 1813 4213 *Georgio
1841 4099 2101 4189 Archoltino.

1463 4260 1548 4334 span.
1563 4261 1653 4318 taint
1668 4282 1694 4333 ρ.
1710 4263 1769 4319 no.
1789 4264 1864 4335 (aare.
1878 4264 1969 4324 nona.
1982 4266 2030 4322 un
2043 4267 2078 4323 n.
2093 4286 2138 4340 ep.
2153 4270 2233 4337 taos.

1500 4416 1554 4491 D.
1583 4414 1783 4517 Georgia
1809 4417 1980 4518 Principi
2004 4423 2045 4493 in
2070 4421 2235 4500 Ankale.

1362 4546 1405 4637 S·
1431 4565 1477 4640 D.
1534 4566 1776 4639 Illustrissime
1809 4567 1997 4661 Princeps,
2048 4571 2130 4644 Scio
2161 4573 2203 4649 C.
2227 4575 2277 4648 V.
2300 4602 2357 4649 suo

1363 4670 1569 4760 gravissimo
1586 4670 1719 4739 iudicio
1735 4673 1851 4739 favere
1866 4670 2049 4743 laboribus
2062 4678 2251 4748 edentium
2268 4681 2361 4751 bona

1363 4771 1503 4861 scripta.
1532 4769 1616 4840 ldeo
1631 4771 1774 4841 brevius
1783 4772 2009 4844 scribendum
2024 4800 2097 4846 esse
2110 4782 2245 4850 censui.
2270 4781 2363 4853 Nul-

1362 4873 1418 4941 lus
1439 4884 1556 4940 antem
1579 4867 1758 4963 Propheta
1781 4887 1853 4943 tam
1876 4878 2036 4948 obscuris
2062 4892 2097 4948 et
2118 4883 2361 4975 praeposteris

1363 4971 1648 5045 enarrationibus
1673 4976 1933 5050 contaminatus
1956 4981 2023 5051 fuit
2042 4992 2124 5050 ante
2154 4978 2247 5057 haec
2271 4999 2361 5059 tem-

1363 5097 1468 5166 pora,
1492 5088 1534 5146 ut
1549 5073 1694 5150 Hoseas.
1745 5076 1865 5168 Quare
1887 5082 2013 5154 merito
2032 5084 2294 5170 gratulandum
2314 5102 2363 5161 est

1362 5174 1541 5248 Ecclesiae
1561 5175 1650 5261 Dei,
1676 5183 1773 5274 quod
1793 5207 1891 5252 nunc
1909 5182 1977 5254 Dei
1995 5185 2191 5268 beneficio,
2221 5192 2361 5263 erudita

1363 5293 1398 5350 et
1414 5280 1550 5351 sincera
1567 5281 1809 5373 interpretatio
1826 5286 1952 5355 editur.
2004 5283 2109 5358 Hanc
2124 5292 2272 5383 collegit
2291 5289 2360 5367 Vi·

1362 5389 1421 5451 tus
1445 5377 1731 5478 Noribergensis
1755 5409 1882 5476 magno
1904 5389 2045 5476 labore,
2080 5403 2116 5461 et
2140 5389 2361 5468 Celsitudini

1362 5483 1508 5556 Vestrae
1525 5487 1682 5556 dedicari
1697 5488 1811 5558 voluit
1820 5482 1877 5586 *),
1901 5490 2040 5585 fuitque
2063 5492 2096 5562 ei
2116 5487 2287 5570 hortator
2299 5501 2361 5570 ‘vir

1362 5650 1571 5666 *Ἥ

1383 5712 1425 5794 ἰιι)
1446 5723 1504 5798 „ln
1522 5722 1639 5780 Hosearn
1659 5725 1819 5797 prophetam
1838 5730 1876 5786 D.
1898 5727 2012 5784 Martini
2029 5729 2142 5784 Lutberi
2165 5738 2313 5795 enarratio
2330 5741 2361 5795 ab

1427 5793 1486 5866 ipso
1506 5792 1535 5846 in
1554 5793 1671 5864 publicis
1684 5793 1849 5851 lectionibus
1861 5798 1958 5855 tradita
1972 5809 2000 5854 et
2011 5812 2105 5872 postea
2118 5807 2285 5882 recognita,
2303 5813 2363 5868 ωι-
