5325 6917
531 728 682 807 105

730 893 1225 1036 yssoligl.pp.⁵4183.‚
1270 896 1329 953 in
1366 895 1488 954 ωδ.
1513 895 1679 1006 βοῶ.
1709 897 1826 954 191.
1856 916 1910 970 p.
1933 897 2020 953 42.
2042 900 2113 954 'et
2151 897 2210 953 in
2248 897 2373 953 ωδ.
2405 896 2512 953 Ba-

522 1113 772 1191 Ioha
791 1145 838 1189 n
859 1120 960 1191 ni
1014 1114 1648 1216 Bugenhagio
1690 1115 2106 1192 Parim-ano
2125 1172 2146 1203 ,
2214 1113 2521 1191 Pastori

989 1218 1371 1294 Ecclesiae
1419 1221 2047 1318 W‘tebergensis,

517 1338 619 1432 S.
670 1356 763 1434 D.
862 1358 1098 1432 Deum
1164 1375 1530 1433 aeternum
1584 1359 1867 1430 Patrem
1927 1355 2226 1429 Domini
2291 1354 2512 1426 nostri

525 1456 691 1530 lesu
725 1456 992 1531 Christi
1027 1487 1192 1547 oro,
1257 1477 1335 1533 ut
1380 1458 1910 1531 honestissimae
1955 1458 2140 1527 filiae
2185 1470 2345 1527 tuae
2396 1459 2512 1526 det

522 1560 731 1643 felix,
794 1561 1139 1648 faustum,
1202 1577 1272 1633 et
1319 1564 1745 1632 foecundum
1794 1559 2242 1649 coniugium,
2319 1570 2400 1628 ut
2444 1570 2517 1626 et

521 1673 607 1732 tu
634 1663 1022 1755 tranquillo
1052 1664 1291 1733 animo
1319 1661 1678 1733 Ecclesiae
1705 1659 1841 1731 Dei
1873 1662 1998 1730 diu
2039 1660 2305 1729 servire
2348 1681 2512 1750 pos—

523 1762 660 1848 sis,
710 1776 781 1833 et
825 1764 1065 1834 videas
1112 1764 1191 1832 in
1233 1767 1477 1835 eadem
1522 1765 1821 1833 statione
1868 1763 2231 1855 aliquanto
2252 1755 2305 1854 ¹)
2358 1769 2512 1851 post

522 1875 722 1933 tuam
771 1865 1267 1956 posteritatem.
1371 1861 1588 1933 Initia
1616 1863 2132 1933 emendationis
2162 1857 2512 1929 Ecclesia-

522 1987 686 2032 rum
716 1965 793 2033 in
821 1961 936 2034 his
962 1964 1369 2054 regionibus
1386 1963 1521 2066 Dei
1549 1964 1889 2033 beneficio
1911 1961 2297 2042 mediocria
2323 1973 2511 2032 sunt.
2589 2007 2593 2012 -

521 2059 685 2154 Ipse
714 2066 1006 2159 quidem
1034 2064 1373 2157 Princeps
1402 2066 1594 2155 cupit
1626 2079 1808 2136 recte
1852 2063 2127 2133 consuli
2150 2059 2511 2155 Ecclesiis,

519 2167 645 2234 sed
692 2167 1070 2256 collegium
1116 2164 1545 2236 Coloniense
1589 2169 1763 2235 adeo
1808 2164 2140 2234 atrociter
2180 2164 2510 2232 adversa-

519 2278 682 2351 tur,
748 2282 831 2339 ut
858 2259 1651 2360 nuper-Landgravius
1689 2267 1777 2335 ad
1807 2264 2179 2353 collegium
2211 2264 2509 2355 scripse-

515 2367 659 2450 rit,
721 2390 794 2436 se
841 2382 910 2439 et
940 2382 1246 2438 caeteros
1277 2368 1669 2438 foederatos
1696 2392 1857 2437 eum
1895 2366 2306 2437 defensuros
2339 2388 2510 2449 esse,

518 2467 582 2535 si
630 2489 786 2535 eum
814 2464 870 2562 ²)
915 2482 1232 2538 excutere
1296 2483 1678 2554 conentur,
1751 2482 1834 2540 ut
1892 2466 2146 2537 minati
2203 2467 2506 2540 fuerant.

521 2563 818 2637 Videres
832 2565 895 2666 ³)
923 2569 1000 2636 in
1033 2564 1145 2638 his
1178 2570 1588 2658 regionibus
1615 2569 2123 2660 deplorandam
2151 2567 2504 2636 inscitiam

515 2680 920 2759 pastorum,
988 2683 1056 2738 et
1103 2663 1535 2759 singularem
1588 2670 1784 2759 vulgi
1819 2668 2246 2768 ¹amentiam,
2281 2669 2504 2759 ,quod

513 2790 863 2839 summam
913 2769 1329 2860 religionem
1352 2765 1414 2863 ⁴)
1461 2771 1539 2839 in
1601 2771 1770 2841 solis
1825 2770 2074 2841 statuis
2126 2767 2507 2838 adorandis

513 2868 834 2940 collocat.
934 2865 1032 2941 Et
1058 2885 1295 2942 tamen
1331 2864 1743 2967 GroperuS,
1805 2885 1877 2941 et
1914 2871 2037 2940 alii
2066 2867 2256 2960 docti
2288 2864 2505 2937 Colo-

503 3070 780 3138 sariam
825 3092 971 3139 esse
1012 3066 1128 3139 his
1162 3072 1337 3141 locis
1371 3067 1936 3144 emendationem
1965 3071 2172 3139 facile
2200 3068 2502 3139 iudicari

503 3182 777 3262 potest.
897 3168 1066 3238 Ideo
1105 3167 1261 3240 Deo
1322 3173 1904 3243 commendabitis
1962 3167 2091 3240 has
2132 3166 2503 3253 Ecclesias,

505 3282 590 3339 et
635 3281 856 3337 totam
885 3265 1274 3340 Ecclesiam
1314 3273 1721 3364 dissipatam
1763 3286 1913 3343 toto
1943 3273 2138 3345 orbe.
2242 3267 2501 3355 Gallia,

507 3382 590 3438 et
654 3366 1019 3458 Belgicum
1085 3371 1307 3461 magis
1374 3374 1728 3457 saeviunt,
1807 3397 2017 3465 quam
2079 3366 2547 3465 unquam⁸).k

453 3467 806 3546 ..Caetera
853 3493 934 3538 ex
977 3471 1203 3540 literis
1246 3473 1522 3564 scriptis
1562 3476 1648 3544 ad
1694 3472 2198 3545 Reverendum
2228 3470 2316 3542 D.
2350 3470 2503 3541 Do-

507 3583 782 3640 ctorem
822 3565 1288 3657 Blarlinum,
1355 3588 1422 3644 et
1464 3577 1551 3644 ad
1592 3567 2065 3668 Crucigerum
2108 3596 2501 3661 cognosces.

503 3667 958 3742 Commendo
995 3672 1130 3742 tibi
1160 3672 1501 3745 familiam
1533 3699 1785 3746 meam.
1842 3673 2045 3784 ¹Bene
2078 3674 2251 3744 vale.
2301 3671 2504 3744 Bon-
2548 3677 2558 3726 f

507 3793 686 3856 nae,
741 3772 962 3847 1543.
1038 3771 1220 3842 Maii
1249 3776 1322 3848 9.

527 4109 670 4184 No.
697 4112 924 4186 2700.

513 4207 948 4246 Μ

1201 4293 1288 4384 C.
1342 4293 1821 4411 CrucigerO.

1694 689 2596 808 Ems‘roLARuM‘
2656 731 2870 812 Lm.
2937 732 3101 816 lx.-
3174 730 3436 812 1543.

2234 4131 2300 4191 9.
2330 4121 2497 4188 Maii.

2545 4277 2550 4293 ·
2593 4230 2685 4322 S.
2730 4248 2820 4322 D.
2919 4249 3077 4323 Etsi
3122 4254 3660 4345 pt1blicis0curis
3708 4256 3875 4324 satis
3931 4257 4175 4326 multis
4237 4276 4584 4337 exerceor,

4454 732 4603 805 106

2617 905 2770 998 puli
2804 917 2909 984 est
2940 904 3017 974 in
3050 905 3432 975 adorandis
3465 903 3735 978 statuis.
3824 901 4065 994 Quare
4092 905 4351 977 fatetur
4378 902 4600 975 Prin-

2615 1029 2776 1097 ceps
2806 1006 3265 1076 necessariam
3303 1029 3449 1076 esse
3487 1007 4084 1085 emendationem,
4133 1029 4212 1074 ac
4255 1006 4597 1090 adfirmat,

2613 1131 2687 1176 se
2741 1131 2892 1178 eam
2935 1120 3120 1176 recte
3166 1120 3236 1177 et
3275 1131 3438 1176 vere
3484 1108 3851 1178 instituere
3883 1127 4179 1198 cupere,
4229 1129 4359 1174 nec
4390 1106 4596 1176 defu-

2613 1231 2774 1299 gere
2823 1209 3157 1300 pericula.
3270 1205 3610 1278 Coloniae
3661 1232 3854 1279 nunc
3907 1210 3986 1278 fit
4037 1205 4247 1276 vestis
4305 1219 4598 1290 statuae,

2614 1334 2825 1401 quam
2860 1309 3230 1380 aestimant
3258 1307 3826 1380 centum'aureis.
3922 1307 4115 1379 Haec
4135 1304 4189 1402 ¹)
4222 1298 4595 1399 Groperus

2613 1410 2977 1495 defendit,
3015 1434 3225 1502 quem
3260 1410 3464 1481 aiunt
3495 1409 3769 1482 circiter
3794 1411 3926 1481 tria
3957 1409 4185 1479 millia
4216 1429 4595 1479 aureorum

2613 1512 2998 1606 quotannis
3027 1506 3308 1583 habere.
3410 1508 3568 1581 Etsi
3596 1535 3849 1602 magna
3878 1526 3980 1582 est
4006 1510 4326 1584 confusio
4361 1505 4597 1600 Impe-

2612 1612 2920 1697 riorum,
2971 1625 3041 1682 et
3071 1612 3459 1682 dolendum
3485 1624 3590 1682 est
3618 1609 3921 1684 distrahi
3951 1610 4434 1691 Germaniam,
4484 1623 4595 1679 ta-

2611 1736 2777 1781 men
2826 1726 3060 1783 tantae
3099 1726 3267 1783 sunt
3316 1714 3680 1800 tenebrae,
3763 1729 3842 1785 ut
3892 1737 4023 1785 nos
4067 1710 4470 1783 iustissimis
4524 1724 4596 1781 et

2610 1815 3019 1883 necessariis
3052 1814 3276 1883 causis
3301 1817 3543 1904 urgeri
3559 1810 3619 1909 ²)
3650 1816 4046 1906 intelligere
4083 1814 4462 1906 possimuS,
4511 1824 4594 1880 ut

2608 1913 2975 1984 doctrinae
3015 1915 3399 2006 puritatem
3440 1916 3869 1990 adseramus.
4001 1915 4174 2005 Legi
4216 1911 4333 1985 hic
4377 1907 4599 1981 Eccii

2608 2015 3166 2084 rabiosissimum
3204 2015 3581 2106 scriptum3
3648 2014 3955 2088 Allatrat
4004 2041 4172 2101 nos,
4238 2018 4430 2109 quod
4481 2014 4593 2083 di-

2608 2115 2869 2201 cimus,
2933 2116 3271 2208 imputari
3314 2115 3679 2188 iustitiam.
3791 2114 3993 2189 Nihil
4038 2117 4407 2186 contendit
4448 2105 4607 2184 dic?

2608 2239 2648 2284 a
2679 2209 2928 2286 Paulo
2959 2217 3339 2298 iustitiam,
3403 2217 3544 2288 nisi
3586 2232 3865 2289 nostras
3905 2218 4308 2311 qualitates,
4373 2239 4592 2308 eaque

2608 2317 2698 2386 de
2725 2342 2804 2386 re
2838 2319 3108 2409 prolixe
3152 2317 3576 2394 declamitat.
3679 2320 3873 2408 Quid
3924 2332 4169 2408 agatur
4211 2314 4363 2413 hic,
4418 2316 4594 2390 scri-

2603 2419 2716 2510 psi
2760 2415 2850 2491 D.
2900 2419 3194 2493 Doctori
3243 2413 3614 2494 Mar-tino.
3733 2420 4049 2491 Tantum
4067 2415 4126 2515 ³)
4181 2414 4593 2489 inchoatum

2605 2533 2710 2589 est
2754 2519 3090 2610 scriptum
3138 2522 3229 2590 de
3272 2521 3501 2590 forma
3550 2523 3859 2609 rituum,
3942 2534 4015 2593 et
4059 2521 4460 2604 doctrinae,
4521 2529 4593 2586 et

2603 2620 2925 2712 sequitur
2947 2616 3007 2715 ⁴)
3061 2621 3363 2691 formam
3402 2619 4016 2714 Noribergensem·
4142 2620 4316 2710 Legi
4375 2641 4594 2713 quae-

2578 2722 2808 2806 ‘dam,
2887 2736 2958 2791 et
3012 2721 3161 2812 ipse
3207 2720 3587 2792 articulum
3640 2724 4062 2808 intertexui,
4138 2718 4305 2817 περὶ
4361 2724 4593 2815 τριῶν

2559 2859 2562 2885 i
2600 2813 3088 2894 ὖποστάσεων
3114 2817 3251 2894 τὸν
3282 2816 3657 2915 θεότητος.
3745 2823 4184 2895 Commendo
4214 2822 4350 2893 tibi
4378 2821 4591 2891 fami-

509 2969 682 3038 niae
728 2965 897 3040 baec
927 2983 1253 3061 portenta
1285 2974 1470 3042 tueri
1500 2974 1807 3045 student.
1891 2968 2503 3046 'Profect0.neces-
2601 2921 2771 2989 liam
2805 2945 3058 2990 meam·
3140 2922 3375 2992 'Mino
3405 2919 3801 3013 Epismlam
3831 2923 4196 2996 P⁰¹¹fis¹⁰3³
4235 2925 4325 2994 ad
4369 2923 4593 2994 δεῦθ’

2603 3035 2755 3091 tum
2800 3019 3324 3095 Coloniensem.
3405 3016 3791 3120 ‘Bucar-um
3834 3039 3900 3095 et
3934 3019 4335 3093 Pistor-ium
4382 3024 4589 3092 video

3535 3122 3673 3196 Die
3700 3124 3772 3195 9.
3796 3123 4015 3205 Maii,
4067 3126 4285 3195 Anno
4320 3121 4538 3197 1543.

2600 3122 2840 3191 omnia
2876 3123 3180 3193 fideliter
3207 3146 3433 3213 agere.

4316 3552 4385 3615 9.
4416 3505 4599 3608 niam

4331 3636 4569 3661 M

2597 3536 2733 3611 No.
2765 3537 2992 3613 2701.

2611 3633 2958 3665 m

3006 3841 3033 3852 Ἰ
3064 3718 3166 3804 Ρ.
3226 3720 3811 3819 Melanthoni,
3860 3715 4122 3829 filio.

2735 3898 2892 3952 aaa.
2930 3897 2986 3953 iu
3016 3859 3348 3953 ‘schelhornt
3387 3895 3763 3969 agamiam.
3802 3897 3927 3953 vot.
3962 3897 4032 3954 11.
4074 3917 4130 3971 p.
4158 3896 4247 3956 46.
4301 3895 4587 3954 ‘comun-

2804 3986 2927 4022 mus
2954 3985 3141 4038 apogr.
3166 3968 3224 4021 in
3253 3967 3379 4021 ωδ.
3404 3965 3569 4020 Goth.
3591 3966 3711 4023 401.
3740 3985 3795 4038 p.
3826 3969 3943 4024 119.

2938 4115 3343 4220 Phiippo
3390 4117 4244 4218 Melanthonifilio.

2594 4366 2833 4422 tamen
2867 4355 3075 4424 etiam
3111 4355 3528 4422 domesticas
3558 4355 4010 4436 circumfer-0,
4053 4379 4249 4448 -quas
4294 4355 4583 4447 quidem

647 4467 782 4526 mel.
808 4470 1003 4527 saecu.
1024 4469 1200 4604 3321.
1237 4491 1289 4544 p.
1316 4472 1435 4527 5⁵2.
1504 4473 1953 4545 Epi·=.1ib.1.p.
1980 4472 2103 4529 262.
2143 4473 2495 4540 (camma
2545 4506 2554 4549 J,
2596 4453 2822 4530 lenire
2865 4449 3040 4521 mihi
3081 4466 3199 4521 tua
3235 4453 3597 4541 diligentia
3630 4467 3699 4523 et
3727 4467 3851 4524 tuo
3878 4457 4219 4550 obsequio
4252 4456 4581 4541 debebas,

713 4539 810 4593 lib.
841 4539 882 4593 1.
914 4558 998 4608 ep.
1138 4577 1155 4593 .

711 4608 772 4662 in
801 4607 928 4664 ωδ.
953 4608 1118 4664 Basil.
1140 4609 1228 4665 39.
1265 4629 1318 4682 p.
1346 4611 1378 4662 5

493 4755 933 4862 Casparo
976 4753 1478 4858 Crucigero
1526 4759 1637 4838 D.
1672 4711 2168 4861 Tocologiae,
2221 4763 2306 4836 de
2342 4763 2493 4838 Ec-

825 4862 1068 4936 clesiis
1102 4864 1181 4936 in
1216 4862 1676 4963 Episcopatu
1708 4855 2176 4950 Coloniensi,

497 4972 598 5064 S.
625 4988 716 5070 D.
807 4993 973 5066 Non
1037 5020 1274 5087 posses
1332 4993 1760 5078 †carissime
1826 4996 2159 5091 Caspar”,
2233 4992 2491 5068 harum

495 5089 978 5167 Ecclesiamm
1026 5098 1221 5168 labes
1261 5096 1412 5166 sine
1440 5097 1767 5191 lacrymis
1803 5099 2067 5171 videre.
2167 5096 2488 5169 Pastores

489 5207 636 5267 aut
668 5197 846 5267 nulli
875 5211 1077 5285 sunt,
1125 5212 1247 5268 aut
1275 5198 1771 5269 indoctissimi.
1868 5197 2054 5269 Tota
2080 5199 2327 5289 religio
2358 5225 2489 5292 po-

571 5523 622 5592 1)
659 5520 798 5578 cod.
824 5519 990 5576 Goth.
1018 5520 1137 5575 191.
1163 5515 1689 5589 aliquamsrugem.

565 5607 627 5677 2)
661 5607 798 5666 cod.
828 5607 957 5662 Bav.
982 5606 1331 5673 Episcopum.

563 5689 624 5760 3)
661 5689 753 5746 δίο
778 5689 903 5746 ωδ.
933 5688 1057 5741 Bav.
1085 5697 1138 5739 et
1159 5687 1284 5741 ωδ.
1308 5685 1473 5743 Basil.
1500 5685 1586 5743 89.
1613 5705 1714 5759 pro
1742 5683 1985 5744 Videris.

561 5776 622 5844 4)
665 5774 949 5843 religionis
978 5771 1103 5827 ωδ.
1131 5767 1296 5825 Goth.
1327 5770 1442 5826 191.

561 5861 620 5932 6)
653 5862 887 5928 hutten
915 5853 1041 5912 ωδ.
1072 5852 1238 5910 Goth.
1266 5854 1382 5910 191.
1466 5891 1476 5908 .

1333 4542 1660 4665 ΑΞοεῑδΡδ·
1701 4543 1759 4597 ίῠ
1797 4541 1920 4598 eod.
1949 4542 2083 4598 Bav.
2113 4542 2183 4597 ¹¹·
2207 4562 2265 4642 Ρ·
2291 4542 2413 4596 4³⁰·
2444 4554 2498 4597 θ*
2592 4553 3011 4643 praesertim
3046 4577 3207 4622 cum
3237 4554 3451 4639 scias,
3516 4577 3655 4647 qua
3699 4554 4133 4645 benignitate
4178 4571 4245 4627 te
4295 4571 4366 4627 et
4407 4558 4581 4627 edu-

2595 4654 2984 4722 caverimus
3012 4666 3078 4723 et
3103 4654 3514 4723 foverimus.
3611 4635 3979 4750 Praecipio
4026 4659 4242 4749 igitur
4284 4659 4450 4744 tibi,
4502 4674 4583 4731 ut

2594 4767 2752 4823 tuos
2799 4777 3030 4824 mores
3072 4754 3327 4824 timore
3370 4752 3507 4825 Dei
3549 4778 3749 4845 regas
3798 4772 3869 4828 et
3917 4760 4225 4852 primum
4260 4758 4414 4829 Deo
4461 4782 4580 4828 ae-

2591 4867 2793 4924 terno
2824 4856 3081 4939 iudici,
3148 4856 3406 4925 deinde
3447 4871 3516 4927 et
3555 4852 4011 4931 honestorum
4053 4855 4424 4929 hominum
4464 4861 4578 4928 iu·

2593 4956 2797 5025 diciis
2826 4957 3201 5047 approbari
3236 4979 3354 5026 eos
3380 4959 3688 5043 studeas,
3727 4984 3947 5053 eaque
3980 4962 4054 5030 in
4087 4986 4160 5030 re
4186 4985 4340 5030 mea
4369 4985 4574 5030 causa

2589 5057 2797 5125 etiam
2830 5058 3272 5147 diligentiam
3304 5082 3382 5129 ac
3415 5060 3970 5130 sollicitudinem
4003 5063 4341 5132 maiorem
4370 5088 4576 5153 prae-

2585 5169 2748 5231 steS.
2852 5156 3069 5230 Matri
3101 5160 3217 5250 pie
3250 5160 3768 5252 obtemperate,
3819 5163 3935 5231 cui
3967 5176 4088 5234 tua
4116 5178 4302 5233 aetas
4331 5178 4400 5235 et
4426 5163 4572 5232 vir-

2649 5513 2909 5592 tyllam
2934 5526 3169 5582 correxit
3196 5528 3415 5598 antiqua
3442 5545 3656 5586 manus·

2646 5608 2719 5676 2)-
2751 5608 2889 5664 cod.
2914 5609 3040 5666 Btv.
3065 5620 3117 5664 et
3146 5611 3268 5665 ωδ.
3298 5609 3458 5667 Basil.
3480 5612 3571 5671 89.
3599 5616 3734 5684 cogi.

2525 5670 2528 5685 h
2645 5689 2700 5760 3)
2740 5691 2877 5747 cod.
2905 5693 3033 5748 Bar.
3064 5697 3321 5747 tandem.

2646 5775 2706 5847 4)
2745 5776 3506 5850 cod.a·2÷1.39.2eqmmr.

2575 5865 2703 5942 ..(5)
2745 5862 2883 5921 cod.
2912 5865 3040 5921 Bar.
3066 5865 3370 5937 diligenter
3377 5906 3401 5946 ‚
3434 5870 3558 5926 ωδ.
3585 5869 3753 5929 Bait.
3771 5872 3856 5931 89.
3866 5873 4133 5945 feliciter.
