5325 6917
589 712 742 844 ,ω

785 877 1217 975 ,Dionysius
1262 882 1722 954 concionator
1785 883 1987 953 aulae
2052 877 2424 971 Hessiacae
2490 880 2580 948 de

592 983 1041 1056 Samaritano
1098 984 1363 1055 dicitur
1417 984 1691 1075 egregie
1737 983 2237 1067 concionatus,
2316 981 2581 1050 descri-

591 1090 769 1157 bens
812 1086 1291 1180 neglectiones
1317 1083 1672 1164 Ecclesiae
1715 1086 2063 1157 sauciatae
2103 1098 2173 1154 et
2216 1084 2578 1161 laceratae,
2617 1081 2620 1094 ⁴

593 1214 675 1259 ac
707 1212 853 1258 una
882 1211 1046 1259 cum
1075 1187 1340 1260 nostris
1367 1188 1727 1262 auditores
1754 1189 2048 1259 fuerunt
2063 1176 2422 1258 Mar-chio
2436 1178 2581 1254 Al-

607 1287 892 1375 bertus,
943 1301 1013 1359 et
1039 1286 1206 1362 Dux
1237 1286 1297 1360 I
1292 1285 1713 1364 ulmensis.

798 1384 1254 1464 Franciscus
1294 1387 1454 1462 heri
1494 1414 1778 1486 quoque
1823 1388 2145 1481 scripsit,
2195 1410 2392 1479 spem
2434 1410 2580 1456 esse
2632 1410 2633 1421 ¹

598 1494 789 1585 pacis
836 1491 1192 1580 Danicae,
1261 1497 1384 1564 sed
1434 1517 1547 1563 me
1603 1505 1877 1563 terrent
1927 1488 2290 1583 prodigia,
2367 1488 2580 1560 audio

571 1597 914 1688 pluvisse
940 1598 1358 1686 sanguinem
1389 1594 1468 1665 in
1498 1593 1844 1667 Holsatia.

1732 1754 2109 1850 Philippus
2135 1750 2486 1827 Melanth.

600 2207 739 2284 No.
773 2208 1004 2285 2890.

622 2304 963 2331 vm

2271 2213 2388 2279 26.
2402 2206 2582 2273 Mart.

1340 2421 1417 2509 Ῑ.
1472 2418 1855 2508 Bremia

747 2604 786 2669 «ι-
825 2598 901 2651 Ex
928 2617 1116 2669 apogr.
1162 2595 1219 2649 in
1247 2596 1372 2651 cod.
1396 2566 1569 2650 Paris.
1602 2587 1687 2650 D.
1706 2597 1774 2651 1..
1796 2594 1929 2649 54³.

611 2754 1063 2833 Clarissimo
1126 2751 1315 2838 viro,
1383 2745 1788 2823 eruditione
1829 2760 1893 2822 et
1939 2746 2335 2847 θεοσεβείᾳ
2372 2770 2590 2846 prae-

777 2855 1019 2931 stanti
1056 2855 1149 2930 D.
1173 2852 1531 2925 Ιοαιὶηί
1552 2850 1983 2936 Brentio,
2036 2852 2273 2924 amico
2303 2876 2442 2923 suo

611 2993 705 3085 S.
747 3011 838 3087 D.
938 3005 1370 3083 Charissime
1403 3006 1727 3083 Ioannes.
1811 3005 2019 3078 Bono
2054 3008 2290 3079 studio
2317 3020 2390 3077 et
2419 3030 2591 3101 con-

612 3117 774 3187 silio
808 3115 1080 3186 civitati
1108 3107 1611 3207 Norlingensi
1630 3123 1978 3202 pastorem
2007 3107 2362 3186 Ecclesiae
2389 3107 2589 3177 misi-

611 3242 773 3291 mus
785 3210 861 3312 1““)
888 3241 1038 3286 non
1064 3216 1395 3285 iuvenem
1419 3214 1544 3283 sed
1578 3212 1813 3282 virum
1844 3211 1985 3281 iam
2018 3222 2192 3280 natu
2230 3209 2591 3300 grandem,

614 3320 742 3412 qui
788 3332 857 3388 te
907 3330 977 3385 et
1022 3339 1136 3385 me
1164 3314 1422 3398 anteit,
1471 3328 1540 3383 et
1572 3313 1832 3384 multas
1858 3308 2208 3384 Ecclesias
2233 3311 2456 3394 rexit,
2521 3321 2593 3379 et

617 3417 1018 3490 eruditione
1062 3413 1420 3506 praeclare
1470 3413 1836 3483 institutus
1893 3428 2031 3498 est3
2097 3415 2219 3483 sed
2277 3409 2591 3481 fortassis

613 3519 830 3613 paulo
862 3530 964 3588 est
996 3514 1428 3585 iracundior.
1508 3511 1723 3584 Hunc
1752 3526 1822 3583 te
1856 3514 2225 3606 complecti
2258 3527 2325 3584 et
2352 3535 2594 3603 regere

614 3620 853 3693 velim.
954 3617 1100 3689 Nec
1132 3615 1322 3685 dicas
1349 3609 1562 3699 mihi,
1597 3614 1789 3683 nolle
1816 3627 1885 3684 te
1912 3615 1990 3682 in
2020 3617 2248 3684 aliena
2276 3614 2592 3707 republi-

619 3744 698 3794 ca
730 3719 1408 3817 πολυπραγμονεῖν.
1507 3714 1667 3786 Etsi
1702 3729 1804 3785 est
1833 3715 1982 3785 eius
2016 3716 2121 3784 rei
2159 3718 2438 3801 modus,
2486 3730 2592 3787 ta-

618 3848 786 3893 men
828 3823 1141 3914 prosecto
1187 3841 1391 3912 saepe
1421 3841 1554 3888 nos
1587 3817 1816 3887 aliena
1847 3816 2215 3910 inquirere
2247 3830 2317 3887 et
2347 3840 2592 3886 curare

617 3938 930 4017 oportet,
982 3923 1109 3992 etsi
1141 3916 1329 3990 nihil
1358 3933 1462 3991 est
1495 3944 1536 3989 a
1562 3920 1701 4011 piis
1726 3918 2058 4003 alienum,
2109 3921 2301 4013 quod
2331 3919 2421 3988 ad
2451 3914 2590 3988 Ec-
2633 3982 2634 3993 ,

618 4027 868 4097 clesiae
897 4023 1350 4094 concordiam
1390 4023 1568 4093 utile
1598 4036 1701 4092 est
1715 4013 1858 4117 ⁴⁴²).
1965 4019 2095 4091 llle
2124 4042 2448 4091 morosus
2481 4044 2593 4090 se-

617 4154 753 4199 nex
781 4151 903 4198 seu
934 4125 1156 4197 tristis
1187 4124 1427 4216 potius
1458 4125 1647 4215 apud
1667 4121 2088 4194 Terentium
2113 4125 2434 4205 miratur,
2468 4144 2595 4191 cur

614 4232 894 4301 vicinus
939 4231 1027 4298 de
1069 4249 1445 4320 operarum
1476 4225 1881 4295 assiduitate
1907 4226 2324 4315 interroget:
2393 4224 2595 4295 Tan-

620 4349 864 4404 tumne
908 4356 947 4402 a
996 4355 1074 4400 re
1116 4344 1235 4400 tua
1282 4328 1419 4399 ocii
1464 4327 1775 4400 esttibi?
1869 4325 2095 4397 Nobis
2125 4342 2311 4398 certe
2341 4349 2593 4417 parum

617 4449 722 4505 est
753 4434 931 4517 ocii,
995 4434 1115 4502 sed
1167 4446 1404 4502 tamen
1430 4426 1908 4501 Ecclesiamm
1953 4453 2120 4501 cura
2163 4428 2593 4499 adficiamur.

621 4530 727 4603 Ac
771 4534 1000 4603 multo
1048 4533 1400 4619 graviores
1459 4544 1528 4600 et
1573 4532 1902 4603 iustiores
1959 4555 2201 4604 causas
2252 4526 2596 4601 habemus
2643 4578 2646 4585 .,

620 4657 836 4727 quam
883 4633 1005 4701 ille
1055 4654 1264 4700 senex
1300 4631 1777 4702 Terentianus
1822 4632 1901 4699 in
1948 4656 2059 4702 res
2091 4634 2312 4703 vicini
2352 4631 2594 4724 inqui-

619 4758 805 4807 rens.
930 4726 1249 4801 Obsecro
1292 4744 1401 4810 te,
1483 4733 1943 4822 complectere
1988 4733 2221 4803 virum
2268 4732 2476 4801 illum
2529 4746 2596 4801 et

618 4836 903 4908 adiuva.
1017 4831 1166 4901 Nec
1208 4826 1447 4903 Iethro
1486 4830 1841 4904 dubitavit
1871 4831 2106 4926 Moysi
2151 4834 2318 4901 dare
2359 4832 2595 4902 consi-

617 4939 820 5010 lium.
922 4932 1066 5006 Sed
1099 4932 1231 5002 scis
1270 4956 1483 5026 quam
1511 4934 1734 5003 multa
1781 4934 1870 5003 de
1924 4928 2137 5002 huius
2165 4933 2379 5003 officii
2404 4958 2597 5003 com-

619 5037 1097 5112 municatione
1160 5035 1305 5105 dici
1358 5034 1649 5124 possint.
1762 5031 1957 5103 Bene
2004 5035 2179 5108 vale.
2289 5032 2424 5105 Die
2474 5030 2597 5109 25.

618 5138 913 5225 Martii,
965 5164 1105 5232 quo
1157 5150 1319 5208 ante
1367 5158 1594 5206 annos
1621 5129 1823 5208 5504
1855 5130 2084 5204 Adam
2117 5136 2444 5207 conditus
2474 5150 2597 5219 est,

621 5255 786 5311 ante
816 5264 1041 5314 annos
1074 5264 1239 5309 vero
1283 5236 1474 5312 1511
1515 5233 1840 5309 Christus
1873 5237 2241 5306 crucifixus
2274 5253 2398 5308 est.

1635 5399 2015 5496 Philippus
2048 5400 2498 5478 Melantbon.

685 5705 742 5775 *)
782 5704 1053 5759 Videntur
1072 5703 1453 5778 hicsquaedam
1483 5707 1858 5777 praetermissa
1886 5724 2020 5763 esse.

688 5786 981 5914 *szp-
1007 5787 1308 5841 Lonerum.
1349 5787 1473 5841 vid.
1503 5808 1588 5862 ep.
1618 5802 1843 5845 exeunte
1859 5789 2045 5863 Septb.
2069 5790 2218 5846 1548.
2244 5790 2309 5845 ad
2335 5790 2594 5847 Senatum
2647 5797 2649 5800 ’

816 5858 1330 5929 ordlingiacensem.

1726 704 2593 794 uersa-omnum
2708 706 2927 785 mn.
2990 706 3121 785 lx,
3230 705 3496 804 1544,

4502 704 4666 790 040

2680 876 2810 953 No.
2843 877 3073 954 2891.
4342 880 4667 952 26.Mm.

3193 1075 3406 1160 Alb.
3454 1076 4143 1187 'Hardenbergia

2817 1231 2987 1305 Epist.
3015 1232 3081 1289 ad
3111 1234 3482 1307 Hardenberg.
3505 1253 3591 1308 ep.
3618 1234 3706 1290 26.

2972 1386 3086 1463 D.
3132 1382 3526 1461 Alberto
3569 1380 4353 1484 Hardebergio.*)

2677 1514 2766 1605 S.
2819 1536 2913 1613 D.
3013 1534 3137 1610 Ex
3169 1539 3312 1611 tuis
3362 1541 3587 1611 literis
3630 1540 3947 1611 intellexi
3976 1533 4523 1610 Medmannum
4575 1544 4670 1615 ad

2681 1641 3178 1710 accersendum
3228 1641 3317 1713 D.
3344 1637 3720 1712 Bactrum
3768 1666 3848 1712 eo
3891 1642 4045 1734 ipso
4075 1654 4391 1734 tempore
4428 1645 4668 1736 profe-

2640 1830 2641 1836 *
2685 1753 2873 1810 ctum
2907 1743 3160 1827 fuisse,
3211 1769 3353 1837 quo
3381 1744 3789 1814 tabellarius
3819 1757 4060 1812 noster
4087 1743 4295 1835 Spira
4330 1744 4670 1817 discesse-

2638 1911 2639 1920 ,
2686 1856 2818 1915 rat.

2932 1841 3105 1930 His,
3168 1844 3228 1914 si
3273 1846 3415 1914 iam
3458 1846 3644 1937 apud
3695 1867 3820 1914 vos
3864 1858 4070 1929 sunt,
4121 1841 4448 1920 hortator
4490 1861 4666 1935 esto,

2688 1957 2772 2014 ut
2814 1940 2997 2016 mihi
3042 1946 3316 2040 aliquid
3366 1948 3452 2016 de
3504 1946 3880 2037 praecipua
3916 1960 4308 2018 conventus
4343 1946 4667 2019 Historia

2689 2069 2837 2115 non
2888 2047 2976 2116 de
3019 2047 3327 2140 parergis
3389 2048 3807 2137 significent.
3941 2047 4079 2118 Hic
4135 2045 4270 2117 Dei
4321 2050 4667 2121 beneficio

2688 2149 3167 2240 tranquillitas
3198 2163 3321 2221 est.
3420 2148 3627 2218 Nunc
3655 2162 3888 2218 autem
3919 2172 4068 2217 non
4101 2173 4184 2217 eo
4211 2162 4482 2220 tantum
4526 2151 4666 2221 tibi

2640 2301 2641 2320 1
2689 2250 3145 2320 scribendum
3191 2273 3337 2319 esse
3391 2250 3601 2334 duxi,
3678 2264 3757 2318 ut
3807 2244 3998 2320 hunc
4044 2237 4668 2347 Christophorum

2629 2432 2632 2437 f
2689 2350 3080 2420 auditorem
3114 2364 3184 2420 et
3213 2350 3516 2420 amicum
3546 2363 3870 2419 nostrum
3913 2351 4047 2422 tibi
4076 2355 4669 2441 commendarem,

2629 2520 2632 2529 „
2691 2451 2814 2543 qui
2870 2465 3145 2521 tantum
3189 2452 3482 2521 videndi
3543 2464 3938 2522 conventus
3997 2476 4203 2523 causa
4262 2454 4444 2525 istuc
4495 2480 4668 2548 pro-

2689 2552 3060 2637 ficiscitur,
3127 2555 3249 2622 sed
3309 2553 3517 2626 etiam
3583 2552 3751 2646 quia
3808 2566 3963 2644 post
4019 2567 4220 2646 tuum
4274 2556 4668 2626 discessum

2689 2647 2807 2721 hic
2837 2655 3090 2743 legatio
3117 2649 3625 2747 Brunswigae
3659 2652 3965 2725 civitatis
4004 2643 4177 2736 l‘uit,
4225 2657 4314 2725 de
4356 2680 4496 2750 qua
4544 2681 4671 2728 ex-

2689 2758 3021 2845 ponenda
3052 2757 3395 2849 quaedam
3430 2755 3565 2825 tibi
3593 2778 3739 2825 esse
3770 2757 3953 2826 duco
3973 2810 3994 2842 ,
4041 2779 4222 2850 quae
4253 2757 4345 2826 ad
4388 2772 4455 2828 te
4496 2781 4670 2851 per-

2692 2856 2940 2930 tinent.
3056 2855 3248 2928 Petit
3293 2880 3373 2926 ca
3417 2857 3659 2926 civitas
3700 2856 4008 2927 indicari
4055 2858 4196 2927 sibi
4227 2860 4463 2930 virum
4508 2860 4670 2930 ido-

2691 2980 2973 3053 neum,⁴
3014 2959 3129 3027 cui
3174 2960 3461 3028 tradant
3503 2980 3853 3028 summam
3887 2956 4368 3030 Ecclesiamm
4408 2960 4671 3051 guber-

2638 3116 2639 3120 ,
2689 3060 3050 3129 nationem
3080 3054 3208 3134 καὶ
3237 3052 3660 3152 ἐπισκοπήν.
3763 3057 4267 3148 Quaesivimus
4295 3062 4558 3138 multos
4598 3076 4675 3134 et

2690 3159 2769 3234 in
2798 3157 2910 3229 his
2943 3161 3050 3232 tui
3078 3162 3513 3232 mentionem
3550 3161 3865 3237 fecimus.
3964 3160 4250 3252 Legatis
4293 3164 4673 3236 consilium

2689 3276 3010 3331 nostrum
3038 3263 3125 3334 de
3165 3275 3234 3333 te
3272 3262 3742 3354 praeficiendo
3788 3262 3935 3334 suis
3960 3260 4300 3335 Ecclesiis
4328 3265 4675 3356 placebat.

2690 3360 2831 3433 Sed
2860 3365 2948 3434 de
2978 3363 3219 3453 lingua
3251 3364 3707 3449 dubitabant,
3740 3387 3956 3457 quam
3987 3366 4301 3440 dicebam
4329 3368 4676 3437 emenda-

2688 3477 2835 3535 tam
2865 3487 3011 3535 esse
3043 3464 3483 3554 Moguntiae.
3584 3462 3743 3536 Etsi
3793 3466 4010 3554 igitur
4056 3479 4123 3537 te
4156 3468 4443 3537 absente
4474 3464 4674 3539 nihil

2692 3566 3024 3637 constitui
3071 3568 3340 3656 potuit,
3387 3582 3455 3640 et
3500 3591 3632 3636 nos
3675 3567 4198 3652 nesciebamus,
4244 3590 4336 3635 an
4383 3582 4455 3639 te
4505 3571 4674 3641 aula

2691 3682 3049 3739 retentura
3083 3681 3294 3749 esset,
3353 3680 3590 3737 tamen
3631 3669 3690 3739 si
3738 3670 3817 3737 in
3847 3664 3977 3738 has
4008 3670 4333 3759 regiones
4362 3672 4676 3742 redeun-

2691 3773 2862 3842 dum
2893 3794 3039 3839 esse
3071 3770 3384 3860 putabis,
3415 3794 3544 3839 nec
3574 3782 3642 3840 te
3671 3771 3830 3840 aula
3875 3770 4133 3842 retinet
4177 3794 4385 3862 spero
4429 3768 4675 3843 Brun-

2692 3873 2952 3961 swigae
2981 3872 3111 3942 tibi
3144 3871 3378 3941 locum
3413 3873 3587 3945 fore.
3659 3870 3875 3961 Quod
3905 3885 4140 3943 autem
4177 3874 4475 3944 abeunti
4502 3898 4674 3944 con·-

2691 3975 2931 4043 silium
2970 3972 3174 4056 dedi,
3238 3972 3423 4042 idem
3465 3996 3660 4043 nunc
3707 3975 3840 4058 do,
3889 3986 3973 4044 ut
3999 3990 4239 4065 aperte
4268 3989 4336 4045 et
4364 3976 4681 4065 ingenue

2693 4100 2854 4144 cum
2885 4072 2975 4147 D.
3004 4066 3369 4143 Buchelio
3405 4089 3471 4155 et
3505 4067 3980 4145 Medmanno
4015 4091 4080 4147 et
4114 4076 4216 4146 Μ.
4243 4071 4532 4146 Bucero
4583 4078 4676 4148 de

2691 4177 2831 4248 tuis
2860 4176 3072 4244 rebus
3103 4176 3436 4244 omnibus
3470 4177 3840 4251 deliberes.
3912 4175 4187 4248 Horum
4215 4178 4679 4268 prudentiam

2694 4289 2760 4346 et
2791 4277 3000 4346 fidem
3032 4277 3166 4345 scis
3197 4292 3464 4346 tantam
3495 4301 3664 4362 esse,
3692 4292 3773 4347 ut
3802 4278 4163 4364 tibi-utilia
4194 4280 4476 4349 suasuri
4504 4281 4676 4357 sint.

2691 4376 2791 4449 Et
2818 4379 3089 4469 ingenii
3118 4378 3261 4446 vim
3290 4378 3366 4446 in
3384 4372 3750 4449 Buchelio
3780 4380 3919 4448 iam
3950 4365 4528 4452 animadvertisse
4558 4405 4681 4453 ar-

2693 4481 2944 4555 bitror.
3042 4479 3366 4550 Priorem
3403 4481 3910 4570 Augustiniani
3952 4480 4272 4569 collegii,
4317 4476 4675 4572 hospitem

2695 4597 3047 4664 vestrum,
3122 4596 3190 4652 et
3231 4596 3389 4653 tuae
3432 4582 3675 4654 literae
3722 4597 3793 4655 et
3845 4582 3966 4652 alii
4010 4577 4193 4650 mihi
4236 4584 4677 4673 praedicant.

2697 4682 2997 4755 Gaudeo
3036 4706 3287 4752 sonare
3336 4684 3542 4753 etiam
3575 4682 3823 4775 Spirae
3852 4707 4092 4754 vocem
4123 4680 4497 4772 Evangelii
4539 4683 4683 4755 filii

2694 4777 3002 4879 Dei**)‚
3054 4796 3122 4852 et
3155 4784 3289 4873 ipsi
3318 4781 3557 4854 Priori
3589 4779 3783 4854 hunc
3827 4786 4145 4855 animum
4171 4783 4516 4875 gratulor,
4566 4785 4682 4853 ei-

2697 4909 2835 4977 que
2865 4899 3032 4977 opto
3065 4898 3143 4952 ut
3157 4882 3350 4953 Deus
3397 4880 3437 4955 ὃ
3467 4885 3793 4983 ἐνεργῶν
3833 4882 3921 4958 τὸ
3970 4881 4251 4971 θέλειν,
4287 4897 4369 4956 ut
4398 4882 4682 4955 Paulus

2697 4986 2965 5078 inquit,
3014 4986 3383 5054 confirmet
3430 5000 3496 5056 et
3540 5002 3733 5077 regat
3763 5012 3951 5063 eum.
4052 4978 4684 5082 Christophorum

2697 5100 3019 5155 nostrum
3077 5088 3379 5155 deduces
3442 5090 3531 5157 ad
3577 5084 4164 5174 Illedmannum,
4242 5084 4427 5158 nihil
4475 5089 4683 5178 petit,

2695 5188 2838 5258 nisi
2866 5202 2948 5258 ut
2977 5187 3054 5257 in
3085 5212 3164 5258 ea
3199 5189 3349 5258 loca
3377 5191 3674 5264 ducatur
3709 5216 3835 5284 per
3860 5191 4340 5272 occasionem,
4391 5189 4524 5260 ubi
4569 5190 4687 5260 Vi·

2767 5494 2821 5562 1Ι)
2857 5493 3190 5547 Versabatur
3228 5504 3341 5549 tum
3383 5498 3816 5570 Hardenbergius
3863 5519 3988 5553 cum
4021 5499 4360 5554 Med-nanno
4390 5500 4585 5573 Spirae
4618 5505 4683 5559 in

2834 5572 3138 5633 conventu,
3173 5577 3392 5647 erptquc
3416 5568 3556 5637 apud
3584 5568 4032 5642 christophorum
4061 5569 4332 5625 Comitem
4353 5570 4687 5628 Oldenbur-

2833 5647 3057 5703 gennem
3083 5644 3460 5690 concionator.

2763 5720 3002 5843 *¹⁸¹2kPer
3033 5721 3362 5845 Diougsium
3400 5726 3851 5810 concionatorem
3896 5726 4055 5781 aulae
4075 5727 4310 5810 Hassiae.
4383 5721 4689 5787 caetui-um

2834 5794 4350 5937 21052”iiss‘ssssinuia'issfff‘iff‘i'gfflssifssssss222¹.ss⁰¹¹⁸¹¹¹⁸
4392 5817 4455 5853 ⁰⁸
4485 5818 4691 5856 Μ
