5325 6917
338 634 414 770 ess

350 864 420 938 No.
436 864 549 936 2778.

346 961 559 1000 “a

1219 871 1266 949 o.
1283 869 1324 949 o

1193 959 1333 989 w

722 1043 960 1134 Studiosis.

416 1226 526 1281 Editum
539 1227 568 1282 in
579 1227 693 1300 Scriptis
708 1226 785 1301 publ.
800 1230 884 1286 Acad.
901 1229 1015 1287 Witeb.
1032 1229 1067 1287 T.
1080 1231 1102 1288 l.
1119 1248 1147 1303 p.
1161 1230 1205 1285 72.

729 1384 963 1485 (Studiosis.)

349 1508 471 1595 Nosse
503 1538 777 1616 temperamenta
813 1549 1002 1617 corporum
1036 1523 1275 1598 humanorum
1310 1540 1345 1597 et

351 1624 620 1712 inclinationes,
650 1651 738 1719 quae
762 1643 957 1720 sequuntur
971 1630 1105 1711 erasin,
1132 1632 1288 1722 profecto
1304 1631 1345 1697 in

353 1726 426 1798 vita
441 1729 668 1799 utilissimum
684 1743 751 1809 est,
785 1730 947 1801 videlicet
963 1733 1008 1800 ad
1024 1734 1191 1800 tuendam
1208 1732 1345 1801 valetu-

354 1828 475 1898 dinem
493 1845 527 1899 et
544 1832 716 1920 regendos
730 1855 857 1905 mores.
892 1831 942 1903 Et
956 1846 997 1901 ut
1011 1834 1100 1901 aliae
1116 1846 1228 1924 partes
1246 1828 1341 1927 Phy-

354 1932 458 2017 sices,
493 1935 632 2002 dulcem
655 1928 741 2001 haee
765 1958 846 2024 pars
863 1935 1062 2003 doctrinam
1081 1948 1115 2002 et
1130 1948 1261 2024 gratam
1278 1935 1346 2003 bo-

354 2034 411 2101 nis
434 2036 585 2124 ingeniis
611 2035 779 2106 continet.
830 2032 941 2125 Coepi
964 2049 1079 2103 autem
1105 2060 1220 2125 nuper
1241 2059 1345 2103 enar-

354 2158 433 2204 rare
457 2137 573 2204 locum
597 2127 802 2203 Ptolemaei
821 2135 859 2202 in
884 2134 1171 2226 Quadripertita,
1211 2136 1249 2204 in
1273 2161 1344 2228 quo

355 2238 587 2306 conferuntur
601 2233 778 2320 Planetae,
800 2248 1085 2327 temperamenta,
1105 2261 1234 2320 mores,
1248 2262 1346 2307 mor·

354 2338 403 2407 bi.
454 2336 560 2407 Hunc
583 2337 700 2406 locum
723 2338 849 2406 vellem
872 2340 1096 2408 notissimum
1117 2362 1189 2408 esse
1207 2339 1346 2408 studio-

355 2438 412 2512 sis.
465 2436 582 2527 Quare
605 2434 775 2508 adhortor
796 2439 934 2508 deditos
948 2437 1103 2508 Graecae
1119 2441 1280 2530 linguae,
1306 2453 1347 2509 ut

355 2565 432 2610 eam
457 2540 642 2610 lectionem
667 2541 824 2613 audiant.
876 2538 948 2612 Res
972 2542 1065 2631 ipsas
1088 2542 1160 2611 scio
1183 2543 1347 2632 profutu-

356 2666 414 2711 ros
450 2642 690 2725 auditoribus,
724 2655 760 2711 et
794 2633 968 2732 voluptati
1001 2643 1147 2719 futuras.
1207 2640 1346 2711 Deinde

356 2744 489 2812 multae
513 2744 552 2811 in
575 2768 616 2812 eo
633 2743 711 2812 loco
728 2756 812 2811 stant
828 2767 929 2812 voces
944 2743 1118 2828 emditae,
1144 2743 1348 2832 significan-

356 2858 407 2915 tes
424 2868 581 2928 morum,
613 2844 822 2913 morborum
844 2857 877 2913 et
900 2859 1258 2935 temperamentorum
1274 2845 1348 2912 dis-

356 2946 526 3026 crimina,
558 2970 708 3039 quarum
732 2970 858 3015 vocum
882 2947 1134 3037 proprietatem
1152 2947 1348 3035 intelligere

356 3070 437 3139 pars
455 3060 506 3116 est
523 3046 745 3121 eruditionis.
796 3042 887 3143 (An.
905 3043 1033 3141 1543.)

693 3632 1021 3716 Testimonium.

425 3812 536 3867 Editum
569 3823 608 3867 est
632 3812 685 3866 boc
710 3810 896 3864 testimonium
949 3820 1016 3865 uta
1040 3810 1157 3865 Lutbero
1183 3814 1350 3889 profectum,

460 3882 617 3937 ‚seruato
630 3882 657 3933 sn
672 3881 747 3951 epar.
763 3879 842 3934 eura.
856 3848 920 3936 vol.
933 3881 954 3934 1.
988 3880 1088 3946 Ars,
1113 3881 1184 3935 unae
1200 3882 1266 3937 situs
1280 3885 1347 3938 aas.

461 3953 496 4004 sit
516 3952 548 4003 de
563 3948 692 4003 Wettius
712 3952 739 4002 in
759 3968 802 4018 ep.
822 3948 900 4003 Lutb.
915 3949 948 4002 Τ.
988 3950 1109 4020 .p.s9t
1128 3978 1160 3989 -
1197 3950 1349 4025 Descripsit

462 4019 528 4073 illud
540 4018 681 4073 Sebiitzius
693 4036 707 4069 e
720 4016 1012 4089 codice'rhomasisno,
1028 4019 1073 4087 qui
1089 4028 1180 4089 postea
1194 4020 1244 4072 fuit
1258 4022 1348 4076 llum·

459 4087 551 4152 melii,
570 4088 615 4157 qui
632 4105 741 4157 quoque
755 4086 823 4139 illud
839 4105 868 4136 er
882 4085 930 4139 illo
943 4088 1054 4155 codice,
1071 4089 1118 4140 sed
1132 4091 1193 4142 satis
1209 4091 1338 4146 mendose

461 4154 545 4210 edidit
557 4158 595 4221 (to
609 4156 788 4221 tttffltbttotb.
802 4168 852 4211 ooo
866 4156 971 4219 letteren
982 4158 1097 4220 mittero
1113 4156 1174 4211 Vol.
1185 4158 1218 4210 ll.
1231 4178 1256 4227 p.
1265 4161 1347 4226 tto).

460 4224 542 4281 Nunc
554 4224 599 4277 ille
612 4225 696 4278 codex
710 4235 749 4277 est
763 4226 791 4278 in
805 4222 928 4278 biblioth.
938 4225 1115 4294 Monacensi,
1132 4226 1178 4277 ubi
1193 4235 1230 4277 est
1243 4229 1305 4281 cod.
1317 4229 1347 4281 io

461 4296 507 4348 4ῖο
520 4294 616 4350 no.89.
631 4312 679 4348 no.
689 4291 749 4364 Vl.‚
767 4292 904 4364 allegitur
935 4292 995 4348 ‚99.
1014 4322 1047 4335 -
1083 4294 1224 4346 Scb't'rtzius
1237 4296 1346 4364 quidem

461 4362 564 4417 addidit
582 4361 824 4432 subscriptionem:
849 4361 887 4414 M.
932 4399 956 4429 .,
982 4361 1000 4416 i.
1013 4380 1036 4415 e.
1056 4363 1191 4415 Martinus
1205 4362 1348 4433 Lutherus,

459 4432 506 4486 aed
525 4451 554 4484 es
575 4432 748 4494 coniectura,
779 4431 807 4483 in
828 4428 923 4485 codice
944 4450 1000 4486 non
1018 4431 1139 4485 babetur.
1181 4431 1346 4503 Quanquam

463 4509 550 4552 autern
565 4499 750 4552 testimonium
764 4498 792 4551 iu
806 4498 896 4552 fronte
910 4499 988 4553 babet
1001 4518 1101 4553 nomen
1111 4498 1230 4571 Lutberi‚
1247 4502 1347 4574 quippe

461 4567 508 4619 illo
526 4566 759 4634 temporeDecani
774 4565 909 4620 facultatis
919 4568 943 4618 Τ
943 4568 1132 4639 beologorum‚
1154 4579 1244 4622 umen
1258 4591 1272 4624 a
1284 4571 1345 4624 hle·

463 4634 592 4689 laotboue
611 4632 799 4703 conscriptum
819 4644 873 4704 est,
905 4638 950 4705 qui
970 4635 1099 4706 pleraque
1120 4638 1272 4693 testimonia

462 4704 533 4758 blica
545 4720 595 4756 suo
607 4700 714 4757 calamo
727 4699 852 4756 exaravit.

357 4861 535 4935 Decorus
551 4851 715 4953 Collegit
732 4849 947 4928 Facultatis
967 4852 1144 4954 Theolog.
1169 4858 1208 4928 in
1232 4854 1347 4930 deod.

367 4959 688 5057 Witteobergensi
702 4954 950 5030 Martinus
972 4955 1232 5041 Lutberns,
1258 4959 1347 5034 Do-

361 5076 454 5152 ator,
478 5063 635 5137 salutem
652 5059 740 5133 dicit
756 5058 926 5132 omnibus
943 5060 1088 5132 lecturis
1102 5056 1175 5133 itas
1194 5063 1347 5136 litteras.

1294 4659 1347 4711 9¹¹·

916 690 1346 769 EPISTOLARUM
1410 690 1520 764 LIB.
1556 691 1620 769 IX.
1674 686 1810 766 tots.

2248 705 2259 721 '
2306 693 2382 766 200

1392 866 1431 934 in
1466 865 1593 935 studiis
1625 862 1808 935 literarum
1844 866 2016 954 egregiam
2052 887 2194 957 operam
2225 888 2384 939 navasse.

1393 965 1607 1058 Quanquam
1620 981 1747 1050 autem,
1764 980 1804 1035 ut
1815 981 1939 1037 natura
1956 970 2030 1037 eius
2040 982 2091 1036 est
2103 991 2210 1056 capax
2222 968 2384 1037 omnium

1394 1067 1535 1152 artium,
1560 1090 1722 1156 magnam
1739 1068 1888 1137 feliciter
1903 1069 2027 1138 didicit
2044 1061 2288 1159 philosophiae
2301 1093 2385 1159 par-

1395 1170 1489 1252 tem,
1518 1182 1552 1238 et
1572 1185 1710 1252 tamen,
1749 1170 1830 1262 qnia
1856 1192 1938 1238 vere
1959 1183 1993 1238 et
2017 1181 2091 1239 toto
2115 1183 2255 1261 pectore
2275 1170 2387 1242 sentit

1396 1267 1593 1339 humanum
1613 1267 1722 1360 genus
1745 1295 1820 1339 non
1843 1294 1915 1339 esse
1930 1294 2012 1339 casu
2027 1285 2163 1353 ortum,
2196 1273 2256 1338 sed
2273 1295 2291 1339 a
2308 1269 2386 1341 Deo

1397 1371 1600 1454 conditum,
1634 1386 1667 1442 et
1683 1369 1798 1441 Deum
1821 1396 1857 1440 se
1871 1372 2080 1462 patefecisse
2105 1371 2207 1440 sertis
2224 1372 2385 1441 testimo·
2431 1380 2434 1384 ’

1397 1473 1468 1541 niis
1491 1473 1530 1540 in
1551 1466 1619 1541 hoe
1641 1497 1713 1541 uno
1736 1472 1914 1542 doctrinae
1935 1496 2078 1562 genere,
2111 1475 2206 1565 quod
2224 1497 2286 1562 per
2301 1497 2387 1564 pro-

1398 1570 1537 1664 phetas,
1569 1569 1752 1643 Christum
1768 1587 1802 1643 et
1817 1576 1993 1664 apostolos
2007 1575 2090 1641 inde
2113 1597 2223 1666 usque
2246 1575 2291 1642 ab
2315 1575 2387 1643 ini-

1398 1677 1448 1745 tio
1464 1689 1547 1743 nota
1563 1675 1780 1744 successione
1800 1676 1969 1744 traditum
1985 1689 2036 1743 est
2049 1672 2243 1755 Ecclesiae,
2270 1677 2388 1746 studia

1397 1768 1583 1868 praecipue
1609 1778 1653 1845 ad
1678 1778 1955 1864 cognoscendam
1980 1767 2188 1845 doctrinan?
2201 1778 2386 1846 coelestem

1398 1878 1559 1947 eontulit.
1588 1875 1636 1947 Ut
1650 1876 1758 1965 igitur
1773 1900 1971 1946 sermonem
1985 1872 2237 1967 prophetarum
2253 1892 2286 1947 et
2301 1902 2389 1969 apo·

1398 1979 1571 2048 stolorum
1594 1979 1773 2069 percipere
1799 1992 1932 2067 posset,
1962 1978 2100 2067 linguas
2123 1978 2248 2046 didicit
2271 1980 2388 2048 ebrai-

1397 2104 1472 2149 cam
1487 2091 1524 2147 et
1536 2102 1692 2168 graecam
1701 2115 1717 2162 ,·
1740 2080 1872 2149 evolvit
1893 2093 1926 2148 et
1941 2080 2100 2148 omnium
2115 2093 2313 2169 temporum
2329 2076 2388 2149 hi-

1397 2182 1541 2249 storiam
1571 2176 1860 2270 comprehensam
1891 2181 2002 2250 literis
2029 2181 2175 2250 ebroicis
2197 2182 2328 2269 graecis
2351 2195 2387 2251 et

1398 2282 1535 2365 latinis,
1576 2281 1675 2350 cuius
1707 2280 1863 2371 cognitio
1886 2284 1930 2350 ad
1955 2282 2167 2351 erudiendas
2194 2295 2328 2352 mentes
2353 2296 2388 2354 et

1399 2383 1655 2451 confirmandas
1676 2406 1777 2452 veras
1794 2384 1982 2473 opiniones
1998 2383 2191 2473 plurimum
2210 2385 2388 2460 conducit.

1397 2482 1597 2573 Diligenter
1613 2484 1750 2553 audivit
1767 2485 1974 2575 interpretes
1985 2479 2237 2575 prophetarum
2253 2498 2286 2552 et
2299 2509 2387 2576 apo-

1399 2586 1570 2655 stolorum
1589 2584 1627 2651 in
1645 2580 1709 2653 hac
1732 2580 1870 2670 schola,
1904 2600 1939 2655 et
1959 2586 2111 2656 contulit
2134 2599 2265 2654 veteres
2285 2608 2385 2674 grae-

1399 2709 1457 2755 cos
1473 2699 1507 2756 et
1522 2686 1651 2755 latinos
1667 2686 1853 2777 scriptores
1870 2687 1913 2756 de
1931 2687 2093 2757 ecclesiae
2109 2686 2328 2775 dogmatibus
2352 2702 2388 2758 et

1398 2788 1538 2879 piarum
1555 2788 1771 2881 synodorum
1788 2790 1943 2874 decreta,
1970 2801 2009 2857 ut
2026 2802 2158 2872 teneat,
2191 2788 2279 2882 quid
2301 2811 2389 2880 apo-

1397 2890 1571 2958 stolorum
1589 2888 1729 2957 ecclesia
1747 2890 1890 2977 puriore
1907 2903 2017 2960 aetate
2031 2890 2196 2972 senserit,
2230 2902 2265 2958 et
2280 2891 2387 2959 deum

1399 2991 1499 3058 firma
1528 2989 1596 3057 fide
1624 2989 1790 3059 invocare
1820 3003 1855 3060 et
1886 2990 1975 3060 alios
2005 3004 2100 3060 recte
2121 2993 2247 3059 docere
2266 2991 2387 3081 possit.

1399 3088 1492 3160 Cum
1523 3090 1631 3179 igitur
1660 3090 1705 3158 ab
1735 3091 1950 3180 amplissimo
1977 3089 2111 3162 Senatu
2134 3089 2390 3182 Ratisponensi

1401 3193 1445 3260 ad
1462 3192 1660 3259 docendum
1676 3186 1910 3280 Evangelium
1926 3206 2070 3263 vocatus
2088 3208 2192 3277 esset,
2226 3217 2298 3262 aca
2319 3217 2389 3262 no-

1401 3293 1455 3361 bis
1471 3292 1618 3382 petitum
1636 3306 1740 3371 esset,
1775 3306 1815 3362 ut
1829 3294 2030 3364 testimonio
2045 3295 2083 3362 in
2107 3289 2238 3363 scholis
2257 3296 2389 3364 usitato

1401 3392 1721 3477 commendaretur,
1756 3394 1909 3485 libent-er
1939 3391 2034 3466 hunc
2059 3394 2211 3467 Hieron.
2237 3390 2390 3489 Nopum

1401 3506 1544 3586 propter
1560 3494 1712 3585 optimos
1727 3495 1838 3586 ipsius
1853 3521 1967 3566 mores
1982 3511 2016 3566 et
2031 3498 2205 3576 eximiam,
2217 3498 2389 3567 eruditio-

1402 3620 1482 3664 nem
1514 3597 1625 3683 gradn
1656 3597 1857 3667 doctoratus
1887 3598 1923 3665 in
1949 3592 2145 3686 Theologia
2172 3598 2389 3684 ornavimus,

1401 3698 1509 3789 idque
1527 3691 1582 3765 his
1601 3697 1713 3766 literis
1728 3711 1914 3777 testamur,
1944 3711 1977 3766 et
1992 3697 2108 3767 Deum
2124 3712 2306 3770 aeternum
2323 3723 2386 3792 pa-

1401 3813 1489 3868 trem
1524 3799 1662 3867 domini
1697 3800 1810 3867 nostri
1843 3798 1923 3868 lesu
1951 3795 2105 3884 Christi,
2145 3800 2315 3894 quoniam
2347 3802 2388 3870 in

1398 3896 1584 3987 Evangelii
1616 3899 1730 3968 lucem
1761 3923 1841 3968 eum
1868 3902 2023 3972 traduxit
2048 3924 2087 3970 ac
2110 3903 2329 3972 voluntatem
2354 3902 2389 3971 ei

1400 4001 1515 4083 dedit,
1551 4013 1591 4069 ut
1615 4001 1672 4090 pie
1693 4001 1826 4069 servire
1839 3998 2015 4071 Ecclesiae
2031 4003 2167 4092 cupiat,
2192 4026 2390 4093 precamur,
2477 4028 2481 4031 ’

1339 4130 1348 4163 s
1398 4115 1438 4171 ut
1453 4104 1595 4171 adiuvet
1611 4126 1708 4180 eum,
1726 4115 1783 4203 'ut
1796 4103 2031 4172 ministerium
2056 4104 2131 4173 eius
2154 4105 2200 4174 sit
2222 4104 2329 4172 foelix
2354 4118 2391 4177 et

1400 4202 1570 4284 salutare,
1597 4202 1688 4274 sieut
1704 4204 1954 4294 scriptumest:
1985 4201 2082 4274 Deus
2097 4220 2164 4290 est,
2190 4206 2251 4298 qui
2267 4220 2308 4273 ut
2322 4207 2390 4276 bo-

1400 4329 1445 4373 na
1461 4304 1609 4375 velimus
1625 4304 1747 4389 efficit,
1780 4319 1814 4376 et
1838 4306 1983 4376 adiuvat
2003 4321 2044 4375 ut
2056 4307 2276 4397 perficiamus
2294 4301 2388 4402 ὑπὲρ

1400 4409 1463 4497 τῆς
1480 4400 1667 4490 εὐδοκίας,
1695 4406 1718 4478 i.
1738 4430 1766 4479 e.
1786 4420 1826 4477 ut
1840 4407 1956 4501 aliqua
1974 4408 2060 4478 fiant
2075 4408 2141 4497 ipsi
2158 4421 2264 4497 grata.
2309 4407 2390 4478 Ma-

1401 4509 1492 4575 xima
1522 4508 1617 4575 enim
1644 4530 1724 4598 pars
1749 4510 1887 4597 generis
1912 4504 2078 4594 humani,
2120 4511 2278 4578 furenter
2303 4534 2390 4578 con-

1401 4624 1561 4678 temnens
1576 4607 1709 4691 Deum,
1744 4610 1817 4681 ruit
1839 4610 1877 4676 in
1897 4610 2044 4693 scelera,
2077 4611 2207 4704 quibus
2231 4607 2389 4681 horribi-

1402 4711 1483 4779 liter
1495 4708 1590 4778 Deus
1607 4710 1779 4781 irascitur.
1832 4709 1902 4778 Sed
1926 4733 1970 4777 ne
1991 4724 2103 4780 totum
2128 4736 2236 4801 genus
2259 4707 2388 4781 huma-

1401 5116 1698 5184 vitam‘aeternam
1712 5130 1901 5199 vocantur,
1928 5131 2072 5207 propter
2092 5140 2180 5209 qnos
2203 5133 2390 5188 servantur

357 5200 654 5292 Petivitanobis
669 5213 909 5283 testimonium
932 5215 977 5282 de
1001 5213 1073 5282 suis
1094 5215 1238 5298 studiis,
1269 5241 1348 5284 mo·
1402 5216 1561 5305 politiae,
1602 5241 1691 5308 quae
1720 5218 1808 5286 fiunt
1834 5213 1983 5307 hospitia
2008 5214 2194 5287 Ecclesiae.
2256 5215 2295 5283 ln
2320 5215 2388 5289 hoc

358 5326 458 5393 ribus
484 5333 516 5387 et
539 5318 650 5406 gradu
671 5316 727 5383 vir
748 5315 979 5398 venerabilis,
1019 5316 1147 5404 pietate
1169 5329 1204 5384 et
1227 5319 1346 5385 eradi·
1400 5342 1550 5387 numero
1573 5342 1645 5386 esse
1659 5316 1926 5410 Hieronymum
1941 5313 2092 5411 Nopum
2110 5341 2310 5407 speramus,
2341 5335 2388 5405 et,

1400 4835 1486 4878 num
1503 4824 1631 4900 pereat,
1657 4810 1808 4899 excerpit
1823 4809 1919 4879 Deus
1935 4811 2072 4905 aliquos
2087 4814 2124 4882 in
2143 4812 2296 4883 Ecclesia
2311 4836 2387 4898 sua,
2498 4855 2502 4860 -

1373 4950 1376 5008 q
1400 4935 1568 5008 perquos
1584 4912 1750 4979 salutaria
1767 4908 1909 5005 fiunt¹),
1940 4938 2003 5004 per
2020 4939 2108 5007 quos
2123 4911 2308 5000 Evangelii
2325 4914 2387 4984 lux

1374 5025 1377 5102 ᾗ
1401 5017 1468 5082 late
1492 5013 1685 5103 spargitur,
1719 5014 1877 5083 etmulti
1899 5016 1944 5083 ad
1966 5017 2182 5105 agnitionem
2198 5016 2264 5086 Dei
2289 5030 2321 5085 et
2342 5017 2387 5085 ad

348 5419 455 5495 'tione
471 5420 651 5511 praeditus
670 5416 824 5505 egregia,
854 5414 987 5489 Doctor
1000 5414 1250 5509 Hieronymus
1263 5413 1346 5489 No·
1383 5435 1439 5494 ,ut
1465 5445 1599 5510 semper
1624 5420 1654 5487 ei
1679 5422 1770 5488 adsit
1789 5417 1900 5499 Deus,
1941 5441 2077 5506 semper
2106 5444 2186 5486 eum
2215 5424 2387 5507 gubernet
2418 5472 2420 5476 ,

357 5550 445 5625 pus:
479 5524 515 5590 id
538 5521 567 5589 ei
584 5542 719 5587 summa
736 5517 994 5607 impertivimus
1009 5519 1202 5590 voluntate.
1253 5518 1343 5588 Cum
1399 5523 1524 5613 spiritu
1542 5535 1680 5604 sancto,
1713 5546 1751 5589 ex
1769 5522 1887 5589 animo
1905 5544 2099 5610 precamur.
2154 5519 2334 5591 Postremo
2353 5538 2387 5593 et

359 5629 453 5699 enim
477 5625 515 5692 in
532 5617 590 5689 his
604 5618 808 5708 regionibus
825 5619 914 5687 etin
931 5614 995 5688 hac
1010 5614 1200 5688 Academia
1217 5644 1342 5710 magua

358 5726 567 5800 cnm-laude
590 5720 734 5804 vixerit,
776 5720 1030 5810 comperimus,
1070 5743 1150 5788 eum
1175 5716 1343 5805 honestis,

357 5833 479 5916 castis,
499 5825 647 5919 placidis
664 5846 703 5893 ae
718 5821 788 5916 piis
801 5822 960 5892 moribus
976 5823 1174 5914 praeditum
1191 5846 1284 5909 esse,
1309 5838 1344 5894 et
1431 5852 1458 5921 ι)
1477 5817 1586 5905 sciro,
1599 5846 1728 5902 mendose
1734 5849 1823 5918 fiam,

1398 5717 1614 5730 ff
