5325 6917
215 816 224 825 g
297 663 399 788 'ast
900 712 1342 793 nctsronanuu
1392 713 1502 795 nte.
1534 714 1599 795 m
1652 711 1790 830 1545,
2301 713 2381 789 sss

331 888 603 973 interfecerunt,
636 911 717 959 cum
738 884 998 983 Episcoporum
1020 892 1227 984 dignitatem
1250 915 1325 962 non
1374 889 1539 983 amplecti
1554 902 1589 960 et
1605 912 1798 982 propagare
1812 888 1962 973 vellent,
1988 900 2024 957 et
2046 887 2146 958 ficret
2167 888 2381 975 concordia,

331 994 541 1077 violassent,
573 992 646 1060 imo
674 1014 739 1082 pro
766 992 817 1060 eis
839 993 980 1063 labores
1005 995 1197 1066 ministerii
1220 995 1327 1065 susti·
1374 994 1405 1062 si
1429 994 1492 1085 qui
1510 992 1675 1081 deinceps
1689 992 1826 1063 utiliter
1840 987 2020 1059 Ecclesiae
2034 987 2104 1058 Dei
2123 989 2292 1059 servituri
2316 1014 2379 1060 es-

333 1096 513 1175 nuissent‚
543 1117 586 1163 ac
606 1094 756 1164 fuissent
775 1094 932 1166 ministri
952 1096 1003 1186 pii
1023 1113 1057 1169 et
1078 1098 1265 1182 salutares,
1287 1111 1328 1167 ut
1376 1108 1471 1178 sent,
1495 1089 1562 1163 hos
1579 1106 1757 1184 oporteret
1772 1092 1878 1162 etiam
1892 1092 2078 1183 perficere,
2103 1104 2144 1161 ut
2154 1093 2378 1163 necessariae

333 1198 440 1266 multi
463 1221 585 1267 eorum
608 1219 692 1265 voce
721 1196 765 1264 ad
792 1195 908 1268 Deum
935 1201 1113 1286 conversi,
1145 1201 1230 1270 facti
1257 1200 1330 1268 sint
1375 1196 1576 1267 functiones
1597 1219 1663 1286 per
1685 1217 1768 1265 suos
1789 1208 1883 1264 recte
1917 1194 2265 1269 administrarentur.
2324 1190 2376 1266 Et

333 1295 504 1370 haeredes
518 1299 611 1367 vitae
634 1312 806 1372 aeternae,
1377 1322 1580 1393 quanquam
1597 1298 1709 1392 aliqui
1724 1295 2012 1367 reformationem
2031 1292 2294 1389 Episcoporum
2316 1297 2378 1367 in·

434 1399 474 1471 Si
496 1425 580 1469 vero
601 1395 790 1491 Episcopi,
815 1415 857 1472 ut
879 1396 1067 1490 hactenus,
1092 1404 1141 1473 ita
1163 1405 1329 1494 deinceps
1377 1402 1531 1472 stituunt
1550 1401 1595 1468 acl
1614 1413 1772 1469 veterum
1792 1420 1969 1468 canonum
1988 1399 2226 1478 severitatem,
2253 1411 2375 1470 tamen

335 1498 479 1572 hostilia
502 1501 632 1571 facient
662 1516 784 1571 contra
809 1504 1026 1590 doctrinam,
1059 1530 1166 1600 quam
1185 1506 1330 1597 profite-
1376 1503 1567 1573 discrimen
1583 1514 1636 1572 est
1650 1502 1742 1571 inter
1758 1503 1923 1570 mandata
1938 1501 2077 1586 divina,
2103 1524 2194 1592 quae
2216 1513 2302 1570 sunt
2316 1524 2376 1572 ae-

336 1629 435 1687 mur,
460 1604 566 1673 nulla
583 1604 715 1696 poterit
728 1604 821 1673 inter
845 1606 926 1675 illos
947 1622 981 1677 et
1005 1623 1145 1679 nostros
1167 1609 1331 1677 sacerdo·
1377 1619 1495 1689 terna,
1521 1627 1586 1673 nec
1605 1618 1751 1696 propter
1765 1604 1998 1694 imperiorum
2014 1604 2230 1673 mutationes
2249 1604 2375 1673 deleu-

288 1783 291 1789 ,
336 1719 388 1775 tes
405 1720 439 1776 et
456 1707 615 1776 doctores
629 1705 706 1774 fieri
722 1709 919 1777 concordia.
973 1707 1071 1797 Quid
1087 1733 1171 1779 vero
1188 1708 1330 1779 Princi·
1377 1708 1422 1777 da
1445 1720 1548 1792 sunt,
1574 1720 1608 1775 ct
1634 1708 1800 1776 mandata
1824 1702 2000 1786 humana,
2035 1730 2126 1799 quae
2149 1705 2374 1797 temporibus

334 1830 415 1897 pes,
434 1822 469 1902 et
484 1808 620 1899 politici
635 1810 887 1897 gubernatores
904 1810 1086 1881 civitatum
1104 1811 1232 1883 facturi
1247 1810 1330 1895 sint,
1377 1822 1412 1878 et
1434 1833 1514 1879 cum
1543 1808 1702 1900 imperiis
1732 1819 1936 1903 mutantur,
1969 1807 2061 1876 sicut
2090 1831 2214 1876 omnes
2242 1808 2376 1879 eruditi

335 1909 495 2000 ipsorum
519 1911 767 1980 deliberationi
794 1913 1039 2004 relinquimus.
1091 1910 1164 1982 Nos
1185 1913 1330 2006 quidem
1376 1910 1493 1980 sciunt
1516 1911 1657 1979 divinas
1680 1925 1715 2010 et
1737 1923 1897 1979 aeternas
1917 1909 2010 1999 leges
2032 1909 2137 1999 longe
2160 1909 2304 1979 differre
2328 1911 2376 1981 ab

334 2012 398 2103 qui
421 2013 491 2081 iam
514 2013 710 2083 ministerio
726 2010 914 2102 Evangelii
929 2014 1133 2103 fungimur,
1157 2038 1231 2084 non
1248 2007 1332 2106 pos-
1377 2007 1543 2082 humanis
1575 2012 1836 2082 senescentibus
1862 2023 1895 2079 et
1925 2011 2188 2082 intereuntibus
2219 2012 2376 2112 legibus:

335 2136 456 2183 sumus
479 2139 559 2184 cum
584 2116 648 2200 iis,
675 2116 738 2205 qui
761 2140 904 2186 manere
920 2118 1047 2186 volunt
1060 2113 1248 2207 Evangelii
1263 2111 1330 2185 ho·
1377 2111 1428 2183 Ut
1442 2115 1473 2182 si
1494 2113 1644 2185 Senatus
1657 2113 1853 2203 Spartanus
1870 2137 1965 2182 nunc
1983 2111 2136 2207 Lycurgi
2159 2116 2253 2202 leges
2268 2115 2377 2186 resti-

336 2228 423 2299 stes,
445 2217 672 2286 concordiam
685 2218 818 2299 facere,
851 2219 983 2288 exitum
1005 2232 1123 2288 autem
1136 2217 1235 2304 Deo,
1268 2218 1331 2311 qni
1378 2229 1477 2286 tuere
1498 2216 1623 2300 vellet,
1651 2228 1693 2285 ut
1721 2216 1798 2306 agri
1828 2214 2064 2284 communiter
2090 2217 2313 2303 colerentur,
2343 2231 2377 2288 et

336 2331 386 2387 est
402 2318 514 2388 iustus
527 2319 654 2404 iudex,
681 2332 716 2390 et
738 2322 902 2410 promisit
921 2345 957 2390 se
972 2344 1034 2390 sua
1048 2320 1331 2412 praesentia-mi·
1376 2318 1493 2408 fruges
1510 2342 1574 2409 pro
1590 2317 1760 2410 cuiusque
1777 2316 2040 2409 patrisfamilias
2059 2318 2265 2389 necessitate
2282 2320 2378 2390 divi-

334 2420 521 2490 nisterium
536 2418 725 2510 Evangelii
739 2424 967 2494 defensurum
985 2445 1076 2508 esse,
1102 2425 1329 2494 commenda·
1377 2422 1557 2492 derentur.

319 2513 472 2606 bimus,
498 2536 615 2594 utram
629 2539 788 2616 partem,
814 2539 848 2594 et
864 2527 1043 2618 quomodo
1065 2548 1131 2595 nos
1145 2537 1330 2617 protectu-
1475 2520 1572 2592 Haec
1587 2521 1726 2591 novitas
1744 2542 1818 2590 non
1843 2521 2038 2589 necessaria
2061 2517 2132 2602 'set
2146 2545 2297 2613 magnos
2314 2536 2375 2594 tu·

335 2645 397 2691 rus
411 2624 474 2708 sit,
499 2625 589 2694 sicut
608 2621 799 2716 Apostolos
816 2648 956 2694 necesse
969 2626 1040 2695 fnit
1053 2625 1129 2697 Deo
1146 2649 1328 2696 commen·
1376 2624 1511 2694 multus
1527 2624 1686 2716 paritura
1695 2620 1713 2646 '⁹
1740 2636 1845 2707 esset;
1872 2622 1964 2694 illud
1983 2636 2100 2694 tamen
2117 2648 2215 2695 nunc
2230 2649 2376 2720 quoque

336 2725 420 2792 dare
437 2721 613 2795 Ecclesiae
630 2726 685 2795 sui
699 2727 866 2817 temporis
882 2728 1136 2801 defensionem.
1175 2726 1266 2797 Nam
1290 2741 1331 2798 ut
1376 2723 1523 2817 Spartae
1539 2724 1775 2795 necessarium
1795 2736 1866 2810 est,
1887 2737 1930 2793 ut
1950 2726 2117 2795 mandata
2139 2724 2208 2799 Dei
2230 2750 2376 2798 serven-

335 2826 435 2915 prius
458 2826 592 2897 dictum
625 2840 693 2912 est,
723 2829 852 2898 scimus
881 2830 1118 2899 ministerium
1139 2826 1330 2920 Evangeli-
1352 2809 1363 2927 Ι
1377 2841 1455 2914 tur,
1479 2841 1520 2899 ut
1543 2821 1822 2919 prohibeantur,
1847 2839 1882 2896 et
1903 2828 2101 2917 puniantur
2122 2828 2275 2900 iniustae
2296 2855 2376 2904 cae·

336 2951 416 2996 cum
443 2951 518 2996 non
548 2930 592 2997 ab
621 2924 787 2998 humanis
807 2931 1067 3016 voluntatibus,
1107 2946 1168 3003 aut
1196 2933 1331 3026 praesi-
1377 2932 1459 3015 des,
1486 2929 1673 3013 adulteria,
1696 2941 1761 3001 etc.
2138 2937 2166 2964 '·
2280 2989 2287 2998 .

337 3028 407 3098 diis
431 3032 605 3119 pendere,
629 3032 689 3099 sed
713 3033 844 3101 servari
870 3058 890 3103 a
915 3031 1072 3104 Domino
1102 3048 1224 3105 nostro
1252 3034 1330 3104 lcsn
1480 3030 1533 3102 lta
1548 3031 1586 3099 in
1602 3025 1667 3099 hac
1683 3030 1954 3115 reformatione,
1980 3055 2059 3101 cum
2078 3033 2306 3105 manifestum
2328 3036 2375 3106 sit

336 3124 499 3215 Christo,
528 3144 569 3201 ut
594 3134 689 3223 apud
710 3130 863 3204 Hoseam
890 3136 1035 3206 dicitur:
1075 3130 1244 3205 Salvobo
1271 3158 1330 3205 eos
1377 3133 1536 3203 inomni
1558 3132 1813 3221 gubernatione
1841 3156 1931 3225 opus
1954 3156 2028 3203 esse
2051 3135 2174 3205 multis
2192 3138 2377 3229 personis,

337 3229 377 3300 in
393 3227 562 3302 Domino
578 3227 662 3304 Deo
679 3257 763 3322 suo,
788 3244 909 3305 etnon
924 3233 1082 3307 salvabo
1097 3259 1156 3306 eos
1176 3234 1217 3305 in
1240 3259 1329 3306 arcu
1378 3249 1412 3305 et
1427 3230 1491 3303 bas
1507 3235 1584 3304 sine
1600 3234 1696 3304 victu
1714 3246 1749 3328 et
1762 3233 1840 3303 sine
1856 3234 2043 3326 stipendiis
2057 3236 2175 3306 vivere
2198 3262 2273 3306 non
2291 3263 2377 3330 pos·

317 3362 321 3368 ·
338 3340 370 3402 et
386 3329 530 3429 gladio.
1379 3359 1435 3422 se,
1460 3359 1600 3407 necesse
1617 3336 1685 3406 erit
1701 3336 1810 3405 etiam
1824 3332 2039 3428 Episcopos,
2064 3325 2125 3431 qui
2145 3338 2282 3409 faciunt
2303 3363 2372 3408 ne-

436 3435 602 3531 Denique
630 3440 674 3507 ad
706 3438 801 3530 piam
831 3443 1057 3512 concordiam
1076 3444 1178 3514 nulla
1201 3442 1260 3512 via
1280 3458 1331 3514 est
1379 3438 1546 3510 cessarios
1562 3452 1700 3509 sumtus
1716 3438 1757 3505 in
1777 3437 2052 3528 gubernatione,
2077 3433 2205 3510 babere
2220 3441 2374 3512 faculta-

338 3536 425 3623 alia,
446 3540 516 3608 nisi
537 3535 640 3608 haec:
673 3555 713 3611 ut
735 3536 902 3630 Episcopi
926 3567 1044 3613 veram
1070 3546 1269 3615 doctrinam
1296 3559 1333 3616 et
1378 3556 1431 3611 tes
1454 3540 1600 3634 aliquas.
1652 3537 1868 3633 Quanquam
1888 3556 2005 3612 autern
2029 3541 2235 3632 gubernatio
2257 3543 2376 3636 impe-

336 3640 532 3729 legitimum
559 3665 663 3712 usum
686 3640 997 3712 sacramentorum
1018 3646 1276 3736 amplectantur
1297 3659 1333 3717 et
1379 3644 1516 3713 riorum
1533 3656 1569 3713 et
1588 3643 1798 3711 immodicae
1820 3667 1904 3735 opes
1923 3644 2125 3733 impediunt
2146 3644 2376 3716 administra-

338 3764 404 3810 nos
426 3743 512 3834 ipsis
535 3757 704 3837 tanquam
725 3740 903 3814 Ecclesiae
927 3747 1223 3834 gubernatoribus
1245 3751 1331 3819 obe·
1379 3746 1514 3815 tionem
1529 3742 1769 3814 Ecclesiarum
1794 3758 1829 3815 et
1842 3744 2027 3815 literarum
2043 3745 2182 3831 studia,
2209 3760 2243 3816 et
2268 3748 2373 3819 multi

339 3843 494 3929 diamus3
521 3848 565 3916 ad
582 3848 676 3939 quod
701 3870 767 3915 nos
782 3846 977 3920 offerimus.
1028 3846 1114 3918 Plus
1136 3848 1259 3937 largiri
1283 3853 1330 3918 si·
1379 3847 1431 3939 pii
1445 3861 1478 3917 et
1493 3847 1684 3938 prudentes
1698 3858 1781 3917 ante
1795 3841 1881 3916 haec
1896 3848 2011 3916 secula
2026 3871 2103 3916 non
2118 3862 2251 3919 temere
2266 3874 2373 3943 quae·
2438 3937 2441 3946 Ι

338 3968 383 4011 ne
411 3967 537 4033 magno
568 3962 709 4037 peccato
737 3962 798 4018 aut
828 3949 906 4028 sine'
928 3951 1141 4021 contumelia
1164 3949 1232 4022 Dei
1255 3976 1330 4022 non
1379 3949 1425 4018 sti
1440 3962 1541 4032 sunt,
1564 3945 1761 4040 Episcopus
1779 3949 1931 4018 nimium
1946 3962 2136 4041 occupatos
2152 3972 2227 4021 esse
2252 3952 2373 4043 profa-

336 4067 535 4137 possumus.
585 4045 640 4117 Ex
656 4043 722 4118 bac
738 4050 993 4140 significatione
1009 4066 1150 4123 nostrae
1164 4056 1331 4126 volunta·
1378 4050 1435 4119 nis
1457 4050 1607 4139 negotiis
1629 4051 1860 4142 imperiorum
1885 4064 1919 4120 et
1950 4075 2060 4141 opum
2093 4075 2239 4133 suarum
2270 4078 2373 4124 cura:

295 4195 303 4203 -
337 4147 383 4217 tis
397 4146 587 4217 deferentis
603 4150 641 4217 in
658 4145 725 4220 hoc
740 4176 822 4221 casu
836 4153 1087 4235 obedientiam,
1101 4157 1342 4227 manifestum.
1379 4151 1519 4222 Tamen
1542 4149 1728 4245 postquam
1752 4174 1849 4221 nunc
1870 4154 1951 4223 talis
1974 4168 2026 4225 est
2046 4154 2171 4246 politia
2197 4168 2234 4226 et
2262 4180 2373 4248 opum

337 4263 406 4335 est,
427 4253 596 4323 nossetis
617 4267 796 4323 excusatos
812 4277 893 4324 cum
910 4256 1015 4324 nobis
1038 4257 1229 4349 obiicitur:¹
1256 4258 1329 4329 Nos
1378 4254 1569 4339 ordinatio,
1592 4269 1627 4325 et
1639 4251 1806 4345 Episcopi
1826 4257 2017 4346 prudentes
2032 4270 2068 4327 et
2081 4255 2372 4329 timentesDeum

280 4357 284 4366 '
336 4355 577 4425 contumaciae
616 4367 650 4423 et
681 4350 929 4426 schismatibus
961 4381 1117 4446 caussam
1151 4361 1329 4452 praebere.
1377 4370 1470 4427 recte
1484 4358 1539 4427 uti
1552 4356 1624 4426 suis
1636 4357 1863 4432 facultatibus
1877 4372 2038 4450 possent,
2063 4382 2129 4428 nos
2146 4359 2249 4430 illam
2264 4383 2373 4452 opum

337 4450 396 4522 Ad
420 4456 457 4523 id
483 4450 568 4526 haec
590 4459 772 4549 responsio
795 4473 856 4531 est.
913 4458 988 4529 Nos
1007 4461 1135 4530 offerre
1158 4463 1329 4534 obedien·
1378 4473 1413 4530 et
1435 4459 1612 4530 ditionum
1636 4459 1892 4551 possessionem
1915 4484 1989 4528 uon
2018 4460 2213 4531 turbamus.
2277 4460 2371 4532 Illud

281 4586 284 4592 ·
336 4553 571 4639 tiam,sinon
584 4561 1328 4649 postulentanobis,utveritatemEvan-
1378 4576 1495 4633 autem
1520 4561 1672 4652 agimus,
1696 4575 1735 4631 ut
1750 4561 1814 4629 ‘illi
1830 4562 1896 4652 ipsi
1912 4559 2082 4654 Episcopi
2097 4576 2130 4633 et
2146 4564 2313 4654 collegia,
2337 4578 2373 4635 et

336 4656 420 4745 gelii
434 4656 642 4728 abiiciamus
655 4673 690 4728 et
704 4663 923 4739 damnemus.
1155 4715 1157 4722 -
1376 4665 1502 4757 populi
1520 4663 1663 4732 illarum
1677 4664 1853 4731 ditionum
1873 4665 1917 4731 ad
1933 4688 2053 4733 veram
2068 4659 2205 4736 Christi
2218 4666 2371 4755 agnitio-

437 4755 507 4827 Hic
528 4760 557 4827 si
579 4759 772 4831 obiiciuntt
805 4768 1055 4855 expectandam
1081 4793 1153 4839 esse
1176 4793 1195 4838 a
1222 4770 1328 4840 nobis
1375 4790 1458 4835 nem
1484 4779 1518 4835 et
1538 4786 1657 4833 veram
1681 4763 1943 4834 invocationem
1966 4764 2036 4836 Dei
2057 4767 2302 4859 adducantur,
2331 4781 2371 4839 ut

337 4859 577 4948 cognitionem
591 4864 1086 4951 controversiarum,vicissim
1097 4871 1326 4964 opponimus:
1375 4889 1492 4935 mores
1511 4864 1756 4952 collegiorum,
1782 4866 1950 4959 quisunt
1972 4869 2103 4938 similes
2127 4865 2369 4941 nuncEthni-

336 4962 496 5032 damnaci
515 4985 582 5032 nos
605 4962 736 5033 iniuste
759 4979 840 5035 ante
859 4972 1113 5057 cognitionem,
1139 4989 1174 5044 et
1195 4973 1327 5041 iniuste
1375 4968 1442 5052 cis,
1468 4969 1716 5051 emendentur,
1737 4981 1780 5038 ut
1792 4983 1928 5039 constat
1940 4966 2140 5040 Canonicos
2156 4973 2370 5069 plaerosque

335 5064 578 5135 crudelitatem
607 5067 760 5136 exerceri
790 5069 897 5138 rebus
931 5075 1094 5142 nondum
1122 5073 1326 5144 diiudicatis
1374 5071 1517 5161 ignaros
1546 5091 1619 5138 esse
1640 5070 1822 5141 doctrinae
1845 5067 1998 5158 Christi,
2029 5067 2183 5143 Ethnica
2208 5075 2371 5166 profani-

334 5190 417 5235 vero
430 5162 607 5237 Ecclesiae
619 5169 764 5243 iudicio.
879 5203 884 5207 ·
1373 5186 1447 5245 tate
1466 5186 1731 5242 contemnentes
1760 5159 1984 5264 religionem,
2014 5174 2152 5244 deditos
2181 5178 2370 5248 obscoenis
2397 5225 2402 5236 ·

434 5266 616 5341 Praeterea
632 5272 738 5342 multi
752 5296 794 5341 ex
809 5272 894 5362 ipsis
915 5274 1032 5344 sciunt
1045 5275 1243 5346 doctrinam
1259 5302 1326 5347 no·
1374 5275 1627 5368 voluptatibus.
1678 5272 1840 5369 Cumque
1855 5277 2042 5369 praecipua
2061 5291 2096 5347 et
2115 5279 2263 5369 propria
2285 5303 2369 5351 cura

332 5383 485 5440 strarum
514 5368 772 5461 Ecclesiarum,
808 5375 901 5446 sicut
934 5380 972 5445 in
1000 5373 1168 5448 Ecclesiis
1194 5382 1325 5453 nostris
1375 5402 1448 5448 esse
1473 5377 1704 5467 collegiorum
1728 5380 1886 5457 deberet,
1921 5379 2049 5447 docere
2069 5376 2311 5469 Evangelium
2337 5397 2371 5453 et

331 5473 565 5566 proponitur,
597 5489 632 5547 et
660 5477 751 5548 sicut
773 5501 849 5547 eam
870 5479 941 5549 iam
972 5503 1073 5571 saepe
1101 5482 1139 5550 in
1161 5480 1324 5554 Comitiis
1373 5481 1411 5551 in
1443 5481 1517 5550 suis
1541 5480 1763 5550 dioecesibus
1792 5503 2003 5570 propagare,
2044 5482 2275 5553 manifestum
2307 5500 2369 5571 est,

329 5576 482 5651 confessi
495 5602 616 5649 sumus
639 5592 672 5648 et
687 5580 957 5666 declaravimus,
984 5596 1018 5652 et
1043 5583 1163 5654 dextre
1187 5607 1227 5654 ac
1248 5607 1324 5655 non
1372 5583 1533 5655 omnium
1564 5582 1716 5651 maxime
1746 5582 1790 5652 ab
1825 5582 1883 5650 eis·
1903 5582 2035 5673 negligi
2060 5597 2094 5653 et
2117 5587 2369 5675 superbissime

328 5678 547 5753 calumniose
563 5681 778 5751 intellectam
795 5706 914 5754 veram
933 5699 968 5754 et
984 5686 1157 5756 sinceram
1171 5681 1323 5757 catholi-
1372 5681 1551 5758 contemni
1565 5708 1696 5753 munus
1711 5685 1873 5772 docendi.
1934 5683 2042 5756 Initio
2058 5686 2205 5777 collegia
2221 5690 2370 5762 fuerunt

328 5808 389 5855 cae
404 5780 474 5854 Dei
496 5780 674 5854 Ecclesiae
697 5786 907 5856 sententiam
933 5812 1016 5857 esse.
1069 5786 1208 5877 Quodsi
1232 5785 1321 5883 Epi·
1371 5785 1612 5872 honestissimi
1634 5800 1753 5856 coetus
1775 5787 2077 5858 sanctissimorum
2107 5802 2141 5857 et
2166 5793 2369 5863 eruditissi-

326 5887 423 5977 scopi
456 5910 577 5956 veram
611 5888 809 5958 doctrinam
842 5885 1081 5960 Ecclesiarum
1118 5905 1320 5964 nostrarum
1371 5907 1511 5961 morum
1533 5883 1720 5957 hominum
1747 5901 1822 5959 toto
1852 5891 1938 5960 orbe
1962 5904 2136 5962 terrarum
2158 5894 2370 5967 docentium
