5325 6917
335 737 408 806 (ill

439 897 507 966 llic
534 895 702 966 articulus
727 891 794 963 Dei
820 888 989 959 beneficio
1010 889 1050 955 in
1073 884 1241 957 Ecclesiis
1265 913 1331 957 no-

342 1001 421 1069 stris
436 999 575 1090 copiose
592 998 787 1070 declaratus
804 1006 865 1064 est.
917 987 989 1059 Nec
1003 1012 1086 1058 vero
1105 991 1253 1059 dubium
1270 1002 1332 1072 est,

342 1114 505 1190 oportere
531 1102 568 1168 in
588 1095 748 1167 Ecclesia
777 1093 942 1161 universa
969 1104 1086 1160 extare
1115 1103 1148 1160 et
1177 1092 1333 1183 proponi

344 1200 438 1271 hvrvtc
456 1202 663 1280 articulum,
688 1197 777 1264 sicut
794 1194 888 1283 apud
913 1215 976 1259 nos
994 1187 1032 1285 ¹¹)
1056 1193 1201 1261 docetur
1217 1205 1251 1261 et
1270 1194 1334 1259 de-

345 1305 508 1373 claratur.
560 1300 649 1369 Nam
667 1292 752 1364 haec
771 1319 841 1363 una
859 1307 910 1363 est
928 1294 971 1361 de
988 1292 1196 1362 remissione
1213 1317 1335 1385 pecca-

345 1421 461 1473 torum
486 1417 516 1470 et
545 1398 848 1478 reconciliatione,
880 1418 981 1472 vera,
1014 1407 1174 1480 aeterna,
1206 1410 1241 1464 et
1264 1394 1334 1461 im-

346 1518 440 1573 mota
465 1501 533 1572 Dei
557 1501 749 1581 sententia,
780 1510 820 1565 ut
843 1491 923 1566 Aet.
944 1495 1001 1568 10.
1019 1496 1201 1564 scribitur:
1236 1490 1335 1563 Huic

346 1626 468 1674 omnes
483 1597 686 1698 Prophetae
702 1594 946 1667 testimonium
968 1588 1179 1691 perhibent,
1206 1592 1333 1665 remis-

345 1706 483 1776 sionem
522 1712 748 1801 peccotorum
783 1695 940 1793 accipere
979 1719 1044 1793 per
1077 1719 1206 1766 nomen
1238 1694 1334 1779 eius,

348 1831 469 1877 osrrnes
485 1803 552 1903 qui
567 1799 714 1873 credunt
731 1800 770 1870 in
788 1822 879 1871 eum.
1134 1879 1140 1885 ‘

447 1906 501 1978 Ac
518 1908 587 1976 nisi
608 1902 716 1976 huius
731 1901 873 1974 articuli
889 1898 1051 1968 doctrina
1067 1910 1225 1968 servetur
1246 1919 1335 1987 pura

348 2026 381 2080 et
402 2009 555 2092 sincera,
588 2007 708 2096 magni
730 2017 763 2074 et
784 1998 934 2071 Ethnici
964 2024 1101 2069 errores
1129 2012 1337 2091 sequuntur.

347 2112 464 2182 Corda
494 2105 681 2178 hominum
704 2118 850 2175 manent
874 2104 911 2170 in
938 2102 1078 2170 assidua
1103 2100 1337 2183 dubitatione,

348 2214 448 2281 velut
468 2213 562 2301 apud
586 2206 777 2290 Ethnicos,
809 2229 873 2273 nec
899 2206 1035 2270 lirmam
1059 2201 1336 2272 consolationem

348 2310 500 2397 habent,
533 2313 594 2381 sed
619 2311 761 2399 fugiunt
783 2306 917 2389 Deum,
944 2328 1010 2373 nec
1040 2316 1132 2373 recte
1159 2304 1336 2372 invocant.

347 2414 472 2485 Postea
496 2413 618 2482 mirari
638 2409 862 2499 disciplinam
883 2419 918 2475 et
937 2429 1037 2474 suam
1059 2404 1229 2473 iustitiam
1245 2401 1337 2472 inci-

349 2518 477 2606 piunt,
498 2508 628 2595 thane
642 2504 882 2602 amplificant”
901 2519 936 2574 et
951 2506 1090 2593 fingunt
1109 2504 1337 2594 complacare

298 2601 301 2612 ¹
350 2615 441 2683 iram
456 2613 541 2697 Dei,
566 2625 600 2680 et
616 2611 744 2680 mereri
764 2606 1008 2676 remissionem
1025 2616 1264 2695 peccatorum:
1289 2600 1339 2673 Et

351 2716 433 2807 qnia
452 2728 569 2782 tamen
583 2724 728 2779 manent
748 2710 785 2775 in
804 2705 1039 2785 dubitatione,
1063 2706 1246 2774 cumulant
1259 2729 1338 2772 mo-

351 2820 415 2885 dos
446 2813 672 2903 disciplinae,
706 2808 903 2896 excogitant
931 2819 1014 2874 vota
1043 2801 1273 2875 monachatus
1304 2821 1339 2876 et

250 2900 253 2905 ⁵
349 2918 483 2984 multos
510 2916 610 2986 ritus.
674 2910 741 2978 His
765 2907 996 3000 opinionibus
1017 2920 1052 2976 et
1072 2903 1137 2977 hac
1160 2902 1337 3000 hypocrisi

249 3041 251 3048 ·
349 3017 461 3105 magis
477 3015 655 3107 magisque
678 3013 887 3080 obscuratur
908 3007 1069 3077 doctrina
1093 3011 1137 3077 de
1159 3009 1338 3078 beneficiis

350 3113 503 3202 Christi,
529 3129 563 3185 ct
585 3117 629 3184 de
651 3113 719 3182 lide
737 3123 910 3181 statuente
935 3109 1041 3198 gratis
1065 3111 1191 3178 donari
1214 3111 1338 3178 remis-

250 3277 253 3282 .
350 3220 485 3288 sionem
506 3229 748 3307 peccatorum,
771 3214 858 3281 etin
879 3212 1046 3279 cordibus
1063 3204 1252 3278 inchoante
1275 3235 1339 3301 pa-

351 3344 426 3388 cem
450 3333 484 3387 et
505 3318 614 3385 vitam
640 3330 836 3399 aeternam,
868 3314 912 3383 de
933 3335 1002 3405 qua
1028 3311 1172 3381 dicitur:
1207 3306 1338 3378 Iustus

341 3415 421 3511 fide
435 3441 505 3487 saa
522 3415 622 3485 rivet.

452 3518 616 3610 Denique
638 3512 697 3586 hic
721 3517 906 3600 articulus,
935 3513 1037 3582 utin
1061 3514 1192 3584 nostris
1215 3509 1337 3583 Eccle-

346 3613 415 3689 ¹siis
450 3623 596 3690 docetur
629 3632 663 3687 et
694 3617 922 3705 intelligitur,
967 3626 1017 3681 est
1048 3617 1235 3707 praecipua
1270 3642 1338 3685 vox

252 3795 254 3800 ,
351 3720 557 3811 Evangelii,
580 3745 685 3814 quam
706 3732 842 3788 mutare
865 3737 940 3786 non
966 3716 1047 3782 licet
1068 3716 1134 3783 ulli
1159 3731 1337 3787 creaturae

252 3823 254 3828 ’
352 3825 389 3893 in
407 3825 503 3892 coelo
522 3838 582 3894 aut
599 3824 637 3891 in
653 3835 757 3893 terra.
807 3818 879 3890 Sed
894 3830 944 3886 est
958 3813 1026 3884 Dei
1045 3828 1244 3900 aeternum,
1269 3820 1338 3886 im-

352 3941 508 4006 motum,
535 3938 568 3992 ct
599 3920 821 3990 immutabile
848 3922 1048 4001 decretum,
1082 3916 1144 4010 qui
1167 3917 1336 3989 immensa

252 4011 254 4015 Α
351 4023 593 4092 misericordia
616 4045 679 4110 per
700 4022 811 4090 lilium
835 4016 903 4087 hoc
925 4020 1031 4085 modo
1050 4032 1229 4107 peccatum
1251 4023 1337 4089 abo-

351 4127 425 4194 lere
458 4123 555 4203 vult,
589 4136 623 4190 et
650 4122 753 4190 nobis
785 4121 968 4189 restituere
999 4118 1108 4186 vitam
1140 4133 1337 4204 aeternam,

351 4226 534 4316 agnitione
550 4236 584 4293 et
599 4224 667 4291 fide
687 4220 811 4304 †filii”
829 4216 936 4291 huius
952 4219 1166 4288 mediatoris.
1231 4210 1237 4222 ’

452 4324 593 4396 Deinde
613 4323 773 4417 sequitur
789 4323 951 4392 doctrina
973 4321 1137 4390 debonis
1160 4322 1338 4412 operibus.

352 4430 458 4515 Quod
488 4451 569 4498 cum
601 4426 669 4496 fide
696 4426 745 4495 ἰιιΙ
760 4419 943 4496 Christum
976 4422 1146 4514 accipitur
1179 4422 1336 4495 remissio

350 4540 595 4616 peccatorum,
617 4528 724 4599 simul
746 4526 856 4597 mittit
870 4522 966 4594 Deos
982 4523 1155 4616 Spiritum
1177 4537 1337 4595 sanctum

352 4628 391 4694 in
405 4628 511 4695 corda
529 4628 768 4712 credentium,
793 4641 828 4698 et
841 4627 1001 4696 accendit
1015 4626 1053 4693 in
1068 4625 1117 4693 eis
1136 4648 1263 4694 novam
1280 4626 1337 4695 lu-

353 4750 448 4809 cem,
479 4739 514 4795 et
533 4726 661 4808 vitam,
692 4728 855 4797 timorem
877 4724 963 4813 Dei,
992 4725 1240 4810 dilectionem,
1271 4729 1339 4797 ho-

351 4852 438 4898 num
454 4823 692 4917 propositum,
712 4826 808 4895 iuxta
826 4829 946 4898 omnia
959 4841 1143 4920 praecepta
1158 4825 1238 4899 Dei.
1288 4825 1338 4898 Et

353 4952 470 4998 severe
492 4926 639 4995 mandat
661 4924 777 5007 Deus,
803 4940 843 4995 ut
864 4929 901 4995 in
925 4928 1030 4997 bonis
1049 4929 1215 5019 operibns
1236 4926 1336 4993 viva-

349 5052 451 5114 mus,
475 5040 510 5097 et
521 5029 651 5097 bonam
668 5025 916 5097 conscientiam
935 5024 1145 5110 habeamus,
1168 5050 1208 5095 ac
1224 5029 1335 5097 dona-

350 5145 423 5200 tam
454 5128 777 5199 reconciliationem
804 5139 839 5197 et
869 5126 1017 5216 gratiam
1044 5128 1275 5215 retineamus,
1302 5143 1335 5200 et

350 5255 425 5300 non
440 5230 673 5300 effundamus.

447 5328 608 5422 Cumque
631 5354 713 5400 vera
736 5329 897 5399 doctrina
920 5331 964 5398 de
982 5328 1087 5399 bonis
1107 5331 1273 5422 operibus
1296 5334 1334 5402 in

350 5444 426 5502 toto
441 5434 527 5502 orbe
543 5444 717 5500 terrarum
732 5426 954 5501 horribiliter
968 5432 1204 5504 contaminata
1222 5447 1256 5504 et
1273 5435 1334 5501 dc-

347 5547 491 5624 pravata
508 5534 571 5618 sit,
596 5544 631 5599 et
644 5527 757 5601 adhuc
775 5532 814 5600 in
831 5531 952 5601 multis
971 5532 1174 5620 regionibus
1189 5533 1333 5624 impure

381 5847 427 5915 11)
443 5850 521 5914 apud
532 5852 597 5913 nes]
615 5846 789 5904 burchardus
800 5847 829 5903 in
842 5850 982 5924 margine:
999 5869 1020 5905 a
1032 5821 1120 5906 neth.

911 715 1352 795 EPISTOLARUM
1411 722 1519 800 LlB.
1554 722 1618 802 lX.
1671 721 1803 800 1545.

2303 724 2387 799 812

1386 905 1420 962 et
1434 907 1598 986 corrupte
1613 895 1791 981 tradatur,
1814 895 1917 964 valde
1934 896 2089 985 postulat
2102 891 2284 964 Ecclesiae
2299 896 2385 964 uni-

1387 1018 1505 1062 versae
1526 997 1730 1080 necessitas,
1753 1010 1794 1066 ut
1817 1022 1897 1065 vcra
1915 999 2074 1065 doctrina
2096 997 2326 1065 concorditer
2350 1010 2384 1067 et

1387 1097 1431 1164 de
1452 1090 1520 1163 boc
1544 1097 1621 1164 loeo
1645 1099 1821 1181 tradatur,
1851 1098 2014 1165 videlieet
2040 1122 2128 1189 quae
2151 1122 2261 1189 opera
2284 1093 2383 1167 Deus

1387 1196 1559 1287 postulet,
1587 1201 1766 1288 quomodo
1782 1211 1902 1267 nostra
1918 1200 2117 1267 obedientia
2141 1199 2282 1289 placeat
2295 1196 2385 1285 Deo,

1387 1320 1468 1366 cum
1487 1289 1662 1366 tamenin
1681 1294 1748 1368 hac
1763 1300 1835 1370 vita
1853 1300 1892 1367 in
1910 1314 2007 1369 tanta
2027 1315 2146 1368 nostra
2171 1299 2383 1370 infirmitate

1387 1392 1505 1468 adhuc
1532 1412 1700 1469 maneant
1725 1416 1865 1491 peccata
1895 1402 1934 1470 in
1957 1400 2123 1471 omnibus
2152 1397 2384 1472 hominibus:

1388 1495 1476 1569 ltem
1495 1500 1539 1568 de
1555 1500 1760 1570 discrimine
1778 1516 2012 1592 peccatorum.

1486 1596 1541 1669 De
1557 1596 1612 1669 his
1628 1602 1736 1671 tantis
1756 1604 1860 1671 rebus
1875 1618 1967 1672 recte
1981 1617 2016 1672 et
2030 1603 2180 1671 fideliter
2203 1603 2385 1675 illustrata

1388 1711 1441 1769 est
1465 1700 1627 1772 doctrina
1655 1702 1694 1770 in
1717 1701 1886 1773 Ecclesiis
1917 1706 2064 1788 nostris,
2098 1729 2205 1798 qnam
2234 1707 2383 1797 quidem

1387 1824 1463 1870 non
1492 1802 1690 1873 iudicamus
1713 1800 1936 1876 scholasticas
1971 1807 2122 1895 argutias
2137 1802 2180 1899 ¹²)
2210 1829 2307 1891 esse,
2350 1821 2385 1877 et

1389 1903 1518 1971 otiosas
1535 1904 1775 1975 cavillationes
1790 1908 1999 1991 verborum,
2024 1922 2065 1978 ut
2088 1907 2191 1976 multi
2215 1903 2385 1978 homines

1388 2004 1529 2094 profani
1546 2004 1754 2097 loquuntur.
1793 2006 1912 2096 Quare
1929 2032 1993 2077 nos
2011 2023 2145 2078 mertare
2160 2034 2238 2077 non
2257 2034 2385 2101 possu-

1389 2128 1478 2177 mus.
1530 2104 1570 2176 Si
1586 2106 1666 2198 quis
1682 2120 1797 2177 autern
1815 2123 1914 2199 putat
1927 2132 2000 2177 esse
2017 2111 2120 2179 ludos
2136 2106 2385 2196 scholasticos,

1389 2230 1430 2275 ac
1443 2228 1526 2274 vera
1543 2208 1691 2292 mutari,
1717 2221 1752 2278 et
1772 2210 1857 2280 lalsa
1881 2224 2004 2279 ornata
2028 2213 2118 2279 fucis
2139 2211 2253 2301 recipi
2271 2235 2384 2303 posse,

1388 2301 1449 2375 hic
1468 2307 1570 2391 sciat,
1595 2309 1732 2378 etiamsi
1753 2334 1848 2380 nunc
1873 2335 2016 2381 securus
2039 2337 2113 2381 non
2139 2314 2270 2383 metuit
2287 2313 2384 2384 iudi-

1390 2408 1483 2488 cium
1497 2405 1576 2493 Dei,
1602 2425 1718 2480 tamen
1735 2414 1877 2481 tandem
1890 2436 2020 2503 poenas
2034 2415 2280 2485 testificaturos
2296 2439 2384 2502 esse,

1388 2505 1624 2596 Evangelium
1644 2534 1717 2580 esse
1734 2512 1947 2583 fabulosum.
2327 2539 2333 2548 ·

1489 2606 1546 2679 Ex
1561 2606 1618 2680 bis
1636 2614 1793 2683 articulis
1809 2615 1870 2682 alii
1887 2628 2100 2707 sequuntur,
2125 2617 2188 2709 qui
2203 2619 2250 2687 dc
2263 2619 2383 2709 legiti-

1390 2734 1449 2780 mo
1465 2724 1499 2781 et
1517 2713 1662 2784 salutari
1682 2738 1750 2784 usu
1766 2713 2075 2787 sacramentorum
2092 2718 2304 2811 loquuntur.

1634 2965 1638 2970 Ι
1734 2870 1796 2946 De
1818 2866 2029 2976 Baptismo.

1489 3006 1701 3081 Constanter
1725 3024 1759 3081 et
1781 3036 1900 3082 severe
1922 3014 2128 3086 retinendus
2154 3013 2231 3097 †et
2253 3021 2380 3089 defen-

1390 3108 1551 3178 dendus''
1578 3125 1630 3180 est
1658 3113 1854 3203 baptismus
1877 3116 2069 3203 infantum,
2099 3122 2199 3188 etad
2222 3122 2380 3190 excitan-

1391 3209 1473 3276 dam
1495 3209 1534 3276 in
1554 3212 1801 3285 circumstante
1826 3228 1926 3284 coetu
1943 3216 2201 3289 invocationem
2219 3219 2382 3308 Domini,

1390 3310 1477 3380 utile
1497 3324 1585 3380 esset
1597 3314 1643 3396 ¹in
1665 3315 1814 3403 singulis
1838 3316 1942 3401 locis,
1968 3319 2084 3407 lingua
2106 3321 2287 3390 intellecta
2313 3349 2383 3414 po·

1390 3412 1475 3501 pulo
1490 3415 1720 3502 pronunciari
1736 3411 1866 3506 pre'ccs,
1891 3419 1973 3496 fidei
1988 3420 2233 3509 professionem
2253 3418 2312 3512 ¹³),
2346 3438 2381 3495 et
2410 3485 2413 3490 .

1391 3513 1496 3580 verba
1512 3514 1697 3603 baptismi,
1722 3543 1785 3585 nec
1802 3542 1891 3609 opus
1908 3534 1958 3588 est
1976 3534 2035 3590 aut
2052 3522 2187 3612 plures;
2216 3539 2279 3593 aut
2297 3527 2381 3612 lon-

1390 3612 1505 3702 giores
1519 3618 1734 3685 ceremonias
1751 3619 1854 3703 addi,
1879 3644 1984 3712 qnam
2003 3624 2149 3692 nuncin
2164 3647 2233 3692 usu
2248 3641 2347 3696 sunt.

1755 3767 2008 3872 Confirmatio.

1492 3908 1605 3978 Valde
1626 3932 1764 3979 necesse
1781 3926 1832 3982 est
1853 3912 1892 3979 in
1910 3913 2075 3984 omnibus
2093 3910 2265 3986 Ecclesiis
2288 3920 2379 3989 tradi

1390 4010 1494 4079 certi's
1510 4012 1635 4080 diebus
1649 4008 1927 4098 Catechismum,
1953 4029 1993 4084 ut
2008 4018 2112 4107 pueri
2128 4021 2318 4089 assuebant
2334 4023 2378 4090 ad

1390 4135 1512 4179 verum
1540 4127 1573 4182 et
1595 4112 1756 4180 nativum
1782 4115 1997 4184 intellectum
2017 4119 2181 4186 omnium
2205 4123 2378 4191 articulo·

1390 4233 1468 4280 rum
1494 4224 1526 4281 et
1549 4213 1703 4303 partium
1725 4215 1904 4284 doctrinae
1918 4213 2150 4293 Christianae.
2205 4221 2264 4291 Ad
2287 4218 2378 4293 hanc

1390 4313 1682 4383 consuetudinem
1701 4317 1924 4386 sanciendam
1940 4322 2118 4409 prodesset
2134 4322 2224 4391 ritus
2248 4325 2379 4394 confir-

1389 4413 1564 4499 mationis,
1581 4438 1661 4483 cum
1675 4415 1838 4487 videlicet
1853 4434 1969 4490 exacta
1985 4422 2223 4511 pueritiaiam
2238 4425 2377 4496 firmior

1390 4529 1483 4585 aetas
1504 4539 1565 4584 seu
1586 4516 1819 4587 adolescentia
1841 4523 2036 4607 accederet,
2058 4525 2172 4615 palam
2196 4525 2236 4592 in
2251 4523 2380 4598 Eccle-

1389 4617 1441 4687 sia
1462 4617 1635 4687 audienda
1660 4631 1749 4687 esset
1769 4621 1904 4709 integra
1923 4624 2103 4694 doctrinae
2120 4625 2317 4713 consessio,
2346 4642 2379 4699 et

1389 4742 1469 4786 cum
1492 4719 1725 4807 interrogatus
1749 4722 1967 4809 promitteret
1988 4727 2218 4796 constantiam
2244 4728 2285 4796 in
2311 4724 2378 4800 hac

1389 4818 1464 4907 ipsa
1487 4819 1659 4887 sententia
1686 4820 1829 4890 recitata
1853 4836 1887 4893 et
1910 4824 1948 4893 in
1975 4821 2083 4898 huius
2104 4829 2271 4899 ecclesiae
2292 4854 2374 4902 suae

1389 4919 1618 5003 consessione,
1640 4943 1765 4991 manus
1779 4920 1933 4994 Pastoris
1948 4927 1980 4997 ei
1995 4929 2232 5017 imponendae
2249 4948 2373 5013 essent,

1388 5030 1424 5087 et
1444 5018 1584 5110 publica
1608 5024 1808 5111 precatione
1828 5029 1974 5119 petenda
1992 5031 2120 5099 mentis
2142 5045 2177 5102 et
2199 5034 2319 5104 cordis
2335 5035 2371 5104 in

1388 5114 1456 5220 hoc
1472 5122 1660 5194 confitente
1676 5126 1895 5199 confirmatio
1910 5142 1944 5199 et
1957 5132 2168 5221 gubernatio
2184 5131 2241 5230 ¹⁸).
2278 5134 2373 5207 Haec

1422 5406 1469 5472 12)
1487 5407 1632 5477 argutias]
1651 5407 1714 5463 Per.
1731 5412 1942 5476 dr'sputate’ones.

1420 5487 1465 5556 18)
1484 5487 1702 5555 professionem]
1720 5490 1783 5543 Pez.
1799 5497 2027 5559 promissionem.

1420 5570 1465 5637 14)
1483 5588 1547 5621 cum
1559 5572 1683 5623 videlieet
1695 5583 1799 5624 exaesa
1810 5582 1875 5644 etc.]
1894 5579 1948 5633 Pro
1961 5581 2001 5636 bis
2014 5583 2154 5640 Petelinos
2173 5585 2241 5654 „ste
2252 5587 2369 5661 quidem,

1452 5646 1483 5689 ut
1497 5638 1572 5716 pueri
1583 5655 1616 5690 ac
1623 5635 1732 5756 puellae
1747 5640 1835 5709 pelam
1850 5645 1877 5698 in
1891 5646 2011 5704 Ecclesia
2026 5665 2155 5707 sonarent
2167 5655 2304 5729 integram
2319 5661 2369 5710 do-

1388 5750 1392 5756 .
1453 5712 1557 5785 strenae
1569 5722 1621 5758 con
1635 5723 1779 5788 meconem.
1812 5710 1911 5791 ⁸Postea
1926 5737 1990 5798 pero
2010 5721 2169 5805 interrogati
2182 5723 2285 5798 singuli
2304 5732 2366 5797 pro·

1451 5779 1591 5825 mitterent
1609 5785 1788 5830 constantiam
1810 5797 1839 5833 ιιι
1858 5783 1909 5841 bac
1927 5805 1984 5857 ipsa
2006 5801 2155 5859 sententis,
2177 5805 2206 5850 et
2226 5794 2369 5850 communi
2418 5827 2422 5844 ι

1452 5856 1529 5895 verse
1545 5838 1681 5897 Ecclesiae
1698 5846 1881 5907 confusione.
1915 5857 1957 5913 Ac
1975 5868 2033 5914 turn
2052 5879 2068 5914 a
2085 5859 2200 5920 Pastore
2218 5883 2317 5920 manns
2333 5865 2369 5918 eis
