5325 6917
161 780 162 783 ,
282 847 316 912 Α
795 727 1063 808 ANNALES
1098 731 1284 810 VITAE
1314 732 1446 813 MEL.
1501 733 1632 814 1648.
1685 733 1816 816 1644.

315 866 359 928 ⁰8

328 892 369 1011 δ”
415 905 648 973 Francoiordiae
671 915 758 975 litem
778 910 938 977 Pastorum
962 916 999 976 de
1025 934 1105 976 sacra
1130 935 1224 978 coena
1249 927 1280 979 et
1305 921 1483 981 ceremoniis
1510 918 1691 1002 quibusdam
1717 925 1883 1003 componit.

330 1051 361 1112 9.
413 1040 468 1105 Est
493 1041 652 1108 Eriordiae
677 1059 708 1108 et
731 1060 856 1110 vocatur
881 1046 1078 1114 Wimnian.

307 1184 360 1243 10.
412 1173 468 1239 Est
479 1175 652 1242 Wimariae
677 1182 711 1240 iu
736 1184 814 1242 aula.

302 1311 359 1377 16.
411 1307 548 1371 Domum
573 1317 666 1375 venit.

303 1447 363 1509 17.
411 1442 575 1508 Theodoro
602 1450 705 1509 scribit
733 1468 809 1531 quae
830 1460 895 1508 acta
920 1446 1034 1508 fuerint
1057 1444 1195 1509 Bonnae.

411 1575 535 1641 Bellum
560 1584 638 1642 inter
663 1578 818 1645 Caesarem
841 1594 870 1643 et
892 1579 1012 1643 Ducem
1038 1576 1220 1643 Clivensem.

303 1714 362 1784 24.
413 1706 496 1774 Dura
521 1717 552 1775 vi
578 1720 695 1798 capitur
720 1738 737 1777 a
763 1718 913 1777 militibus
939 1714 1083 1778 Caesaris.

283 1815 369 1899 Sept.

327 1927 359 1986 8·
411 1926 484 1991 illel.
512 1931 664 2012 praefatur
688 1936 721 1991 in
748 1933 877 1993 librum:
905 1928 1126 2010 „Reformatio
1152 1926 1303 1993 Ecclesiae
1330 1925 1539 1994 coronensis*
1565 1945 1621 1995 etc.

328 2058 362 2119 6·
412 2060 459 2123 De
481 2084 575 2124 coena
599 2085 680 2126 sacra
706 2067 807 2127 scribit
833 2066 871 2126 ad
894 2063 1103 2127 Theodorum.

328 2192 362 2251 7·
412 2194 477 2258 I‘ax
502 2199 580 2258 inter
605 2194 761 2259 Caesarem
787 2211 816 2261 et
840 2196 960 2260 Ducem
985 2195 1115 2261 Clivens.

303 2327 362 2388 10.
412 2328 485 2392 illel.
514 2327 690 2393 Bernhardo
714 2330 874 2413 Zieglero,
900 2332 1046 2413 theologo
1072 2326 1180 2412 Lips,
1207 2329 1310 2389 scribit
1336 2330 1504 2390 orationem
1530 2334 1563 2390 in
1587 2336 1781 2412 promotione
1807 2335 1972 2416 legendam.

289 2420 361 2487 Oct.

327 2529 359 2591 8.
412 2529 488 2593 Vito
515 2528 680 2592 Theodoro
703 2536 881 2593 sententiam
902 2551 987 2592 suam
1013 2533 1115 2591 scribit
1141 2530 1178 2590 de
1204 2530 1400 2610 impositione
1426 2551 1573 2595 manumn
1598 2548 1629 2597 et
1648 2535 1686 2596 de
1712 2540 2035 2601 excommunicatione.

303 2663 361 2725 22.
412 2662 504 2725 Vitus
530 2660 752 2726 Amerbacbius
777 2663 973 2747 Witebergee
997 2668 1065 2725 lites
1090 2675 1192 2726 movet
1214 2662 1353 2724 adversus
1375 2659 1602 2731 Melantlronem
1623 2674 1656 2731 in
1681 2658 1816 2734 doctrina
1843 2673 1879 2733 de
1906 2674 2014 2734 anima.

303 2793 360 2859 25-
411 2795 517 2861 Monet
538 2796 737 2861 Theodorum
760 2820 800 2859 ne
825 2798 966 2860 accendat
991 2798 1226 2859 controversiam
1250 2793 1289 2854 de
1314 2817 1410 2857 coena
1433 2820 1524 2863 sacra.

287 2887 367 2954 Noe.

327 2993 360 3061 4.
412 2999 530 3064 Bucero
555 2996 657 3064 scribit
680 3002 718 3063 da
743 3004 818 3063 rixis
840 3001 1055 3081 theologorum
1081 2998 1118 3059 de
1143 3016 1237 3059 coena
1258 3019 1302 3076 s.,
1328 3010 1359 3059 at
1384 2998 1422 3059 da
1445 2994 1622 3084 Principum
1647 3008 1812 3066 temeritate
1838 3019 1868 3067 et
1893 3009 2020 3067 incuria.

412 3132 554 3196 Mandata
575 3134 665 3196 habet
689 3156 706 3195 a
731 3132 819 3197 Duce
842 3131 1002 3211 Prussiae,
1027 3143 1063 3194 ut
1087 3131 1225 3193 doctores
1251 3135 1352 3193 mittat
1377 3138 1411 3193 in
1434 3130 1531 3197 Auad.
1560 3130 1756 3217 Regiomont.

329 3268 361 3330 7.
414 3266 611 3331 Recnduntur
635 3264 711 3330 hiel.
736 3280 897 3329 erotemata
918 3268 1096 3329 dialectices.

304 3403 361 3464 12.
413 3398 611 3463 Enarraturus
637 3413 682 3461 est
702 3403 770 3463 libr.
791 3397 834 3462 V.
848 3375 1039 3463 'Eshtcmum
1061 3397 1236 3461 Aristotelis
1255 3399 1293 3460 de
1316 3401 1442 3461 institia.

306 3538 361 3598 19.
411 3532 591 3596 Mandatum
613 3537 759 3614 accipite
784 3530 835 3596 l‘r.
863 3529 1020 3611 Electore,
1045 3545 1079 3594 nt
1103 3547 1186 3614 paret
1208 3555 1240 3594 se
1264 3533 1302 3594 ad
1328 3537 1386 3595 iter
1411 3531 1531 3616 Spiram
1557 3535 1728 3600 iaciendum
1754 3539 1793 3601 ad
1817 3549 2008 3600 conventum.

412 3667 504 3731 Vitus
530 3666 751 3728 Arnerbachius
775 3664 957 3747 Witeberga
982 3665 1107 3727 discedit
1130 3670 1163 3725 in
1188 3663 1357 3728 Bavariam.

305 3810 361 3871 29.
414 3799 486 3865 illel.
513 3806 648 3886 queritur
671 3801 708 3861 de
733 3803 868 3863 moribus
891 3797 1015 3879 Sabini,
1041 3804 1143 3880 generi
1165 3804 1223 3860 sui.

274 3903 370 4078 Decii:
415 4000 569 4086 Scriptum
594 4000 669 4067 Mel.
696 4008 900 4084 germanicum
922 4004 959 4066 de
985 4005 1157 4064 discrimine
1183 3999 1255 4064 Vet.
1282 4014 1311 4062 et
1335 3998 1416 4063 Nori
1443 4000 1527 4065 Test.
1556 4004 1666 4086 prodit.

307 4149 363 4210 10.
415 4136 540 4203 Carolus
565 4132 646 4220 Imp.
671 4142 779 4199 invitat
798 4134 917 4198 Ducem
941 4132 1015 4203 Sex.
1040 4133 1137 4198 Elect.
1163 4150 1193 4197 et
1217 4131 1443 4217 Landgravium
1468 4138 1610 4216 Hastae,
1623 4152 1670 4229 ’ut
1696 4143 1756 4220 ipsi
1783 4140 1904 4200 veniant
1931 4142 1962 4198 in
1990 4150 2170 4200 conventum
2194 4139 2322 4223 Spiren-

465 4263 527 4304 sem
545 4241 576 4304 d.
598 4247 652 4309 to.
673 4235 739 4303 lan.
755 4239 860 4308 1644.
879 4239 1061 4301 habendum.

305 4387 364 4451 25.
414 4376 511 4439 Mittit
526 4374 691 4437 Theodoro
714 4373 931 4455 praelationem
957 4378 989 4434 in
1016 4368 1147 4433 Lutheri
1172 4376 1389 4434 enarrationem
1416 4377 1506 4455 primi
1532 4371 1626 4435 llIosis
1652 4376 1733 4433 libri.

414 4511 483 4572 Hoc
509 4530 588 4571 anno
614 4511 760 4569 enarravit
785 4509 819 4565 in
842 4504 945 4566 schola
970 4503 1098 4565 Homeri
1120 4507 1261 4565 carmina.

414 4642 519 4707 Edidit
543 4645 641 4705 denuo
668 4639 880 4703 catechismum
906 4642 1063 4720 puerilem.

1206 4965 1364 5045 ANNO
1400 4966 1535 5045 1544.

302 5107 365 5276 1⁸³¹:
414 5198 487 5261 Mel.
516 5194 657 5279 Lipsiam
682 5197 889 5277 proficiscitur.

334 5346 367 5409 4,
416 5332 488 5395 Mel.
514 5345 545 5393 et
571 5329 743 5420 loaohimus
769 5325 955 5392 Camerarius
981 5328 1192 5390 commendant
1215 5324 1382 5410 Georgium
1408 5325 1556 5391 Sabinum
1581 5318 1716 5391 Arberro‘
1737 5324 1817 5388 Duci
1841 5324 1987 5389 Prussiee.

289 5486 372 5562 72q.
418 5464 607 5570 Philippus,-
626 5462 833 5526 lllelantlronis
859 5466 959 5541 iilius,
984 5462 1170 5525 clandestina
1194 5464 1345 5545 sponsalia
1369 5463 1459 5525 habet
1486 5484 1556 5525 cum
1578 5468 1680 5546 puella
1705 5458 1894 5545 Margaretba
1919 5458 2061 5523 Kiiiin'er.

305 5618 362 5681 16,
416 5598 492 5663 Mel.
516 5602 614 5661 mittit
643 5603 813 5661 orationem
839 5597 876 5658 da
900 5591 1076 5659 Aristotele.

306 5752 363 5816 13,
418 5732 556 5796 Thomas
580 5730 780 5816 Neogecrgus
804 5734 890 5793 litem
915 5742 1019 5794 moret
1042 5731 1181 5794 adversus
1205 5728 1279 5793 Mel.

420 5867 497 5933 Mel.
525 5864 674 5950 praefatio
700 5870 734 5929 in
759 5868 1008 5930 commentarium
1028 5858 1161 5928 Lutheri
1186 5868 1220 5927 in
1244 5868 1379 5948 primum
1402 5865 1515 5928 librum
1539 5859 1636 5925 Morta
1661 5864 1797 5927 absoluta
1818 5878 1872 5927 est.
1923 5868 1995 5929 coll.
2022 5884 2071 5947 ep.
2091 5861 2122 5925 d.
2138 5862 2169 5923 d.
2195 5860 2227 5927 4.
2245 5858 2331 5924 Febr.

1571 5949 1628 6029 b*
