5325 6917
230 796 305 870 713
799 776 1236 858 EPISTOLARUM
1290 776 1399 853 LlB.
1435 774 1500 854 lX.
1551 772 1686 854 1645.
2191 772 2264 844 714

237 966 385 1049 obtulit,
412 977 446 1032 et
468 986 538 1055 quo
561 972 641 1028 ante
667 980 780 1027 anuos
799 953 901 1027 5507
925 948 1042 1025 Adam
1067 966 1103 1024 et
1123 947 1224 1021 Hera
1274 972 1353 1017 mus
1379 948 1575 1034 illucescet,
1607 949 1647 1016 in
1669 972 1739 1040 qno
1754 944 1867 1016 Filius
1883 942 1951 1014 Dei
1976 945 2132 1013 universi
2154 967 2260 1034 gene-

238 1068 374 1137 conditi
390 1088 463 1133 esse
479 1063 692 1131 scribuntur.
1274 1052 1323 1118 ris
1348 1045 1498 1120 hnmani
1523 1051 1636 1120 oculis
1657 1073 1731 1117 sese
1755 1049 1934 1128 ostendet,
1975 1060 2120 1116 etsuam
2135 1043 2260 1114 Eccle-

389 1165 515 1235 Pastor
534 1159 711 1249 Ecclesiae
735 1158 803 1229 Dei
833 1160 872 1227 in
893 1158 1025 1248 oppido
1050 1153 1224 1226 saxoniae
1273 1152 1360 1220 siam
1381 1152 1522 1221 coelesti
1543 1152 1664 1240 gloria.
1677 1151 1830 1222 ornabit.
1881 1147 2030 1219 Interim
2051 1147 2173 1216 fatales
2190 1147 2259 1215 cir-

389 1265 622 1352 Witeberga,
653 1275 688 1331 et
711 1261 838 1331 caeteri
857 1260 1012 1330 ministri
1037 1254 1223 1347 Evangelii
1274 1250 1428 1347 cuitus¹)
1454 1277 1573 1322 rerum
1598 1254 1754 1322 modeste
1774 1254 1943 1334 feramus,
1978 1244 2139 1317 etaDeo
2161 1247 2258 1316 miti·

386 1367 425 1435 in
440 1367 561 1433 eadem
576 1361 733 1431 Ecclesia
1273 1356 1449 1442 gationem
1467 1354 1702 1424 calamitatum
1718 1369 1886 1445 petamus.
1934 1345 2100 1441 Optarim
2113 1348 2258 1442 quidem

442 1462 620 1536 lohannes
636 1459 887 1554 Bugenhagius
902 1483 1115 1556 pomoranus
1129 1456 1173 1532 D.
1273 1456 1404 1547 suscipi
1428 1480 1447 1525 a
1472 1454 1700 1547 Principibus
1724 1454 1858 1546 patriae
1888 1451 2148 1536 defensionem,
2193 1471 2260 1517 nec

415 1612 431 1673 1
451 1603 588 1667 Timum·
608 1602 641 1668 0ο
1274 1582 1353 1626 raro
1369 1582 1605 1628 commemoro
1623 1558 1783 1627 omniunt
1797 1568 1948 1626 aetatum
1963 1553 2130 1643 exempla.
2157 1545 2259 1619 Olim

1273 1659 1312 1725 in
1340 1651 1432 1727 hanc
1462 1659 1575 1750 ipsam
1602 1658 1824 1729 Pannoniam
1852 1656 1950 1725 venit
1978 1653 2132 1737 Hector,
2173 1652 2258 1720 inde
2332 1701 2339 1724 .

1274 1783 1384 1852 usque
1399 1785 1439 1830 ex
1454 1760 1549 1845 Asia,
1570 1774 1612 1830 nt
1625 1754 1753 1828 Rheso
1770 1783 1870 1849 opem
1885 1759 2009 1841 ferret3
2036 1754 2108 1824 Nos
2123 1748 2259 1848 nunc²)

334 1915 459 1991 ribiper
479 1909 670 1990 prophetiam
686 1929 756 1969 oum
771 1911 967 1990 impositione
990 1927 1137 1968 manuum
1152 1926 1223 1965 ooe-
1274 1883 1314 1929 ex
1346 1862 1475 1930 vicinia
1506 1861 1616 1930 ociosi
1643 1861 1867 1930 Pannonicas
1903 1860 2025 1928 caedes
2054 1869 2259 1947 spectamus,

336 2026 384 2074 000
400 2015 552 2073 seniorum
1274 1985 1354 2030 cum
1371 1964 1500 2054 quibus
1515 1975 1568 2031 tot
1582 1963 1751 2049 viriculis,
1776 1962 1938 2031 societate
1953 1956 2152 2047 religionis,
2176 1977 2259 2024 san-

510 2056 569 2201 (ιὶ
591 2106 646 2203 s)
858 2102 907 2200 (L
945 2100 1001 2199 s)
1274 2064 1391 2151 guinis
1407 2078 1440 2133 et
1454 2063 1595 2153 imperii
1611 2064 1790 2134 coniuncti
1807 2086 1939 2134 sumus.
1981 2059 2051 2130 Sed
2068 2060 2142 2127 sive
2156 2078 2259 2147 prae-

618 2161 628 2182 ’
690 2204 787 2277 Phili
837 2231 878 2277 us
896 2158 1122 2277 Melgmhon·
1273 2164 1458 2234 liabnntur
1482 2165 1597 2233 nostri
1619 2163 1751 2255 Reges,
1786 2165 1859 2233 sive
1884 2162 2087 2241 cessabunt,
2115 2181 2181 2227 nos
2207 2170 2260 2226 ta-

647 2232 862 2398 ··Ge⁰rgil:ls
878 2308 997 2377 Maior
1040 2304 1075 2375 D
1272 2288 1356 2333 men
1383 2265 1512 2334 scimus
1537 2262 1731 2335 Ecclesiam
1753 2263 1821 2335 Dei
1843 2287 2045 2335 mansuram
2069 2283 2143 2330 esse
2163 2259 2259 2350 apud

688 2357 1134 2481 SebastianusKos{hel⁰ius
1161 2402 1211 2476 'M
1273 2390 1351 2446 eos,
1390 2367 1453 2458 qui
1475 2366 1656 2437 doctrinae
1681 2368 1838 2437 coelestis
1862 2368 1976 2435 studia
1999 2365 2138 2443 colunt,
2176 2360 2259 2429 ubi-

687 2509 804 2579 Lucas
828 2509 984 2580 flemus
1029 2506 1084 2577 Μ
1138 2459 1148 2490 ’
1213 2457 1222 2477 ’
1273 2491 1412 2558 cunque
1435 2483 1550 2540 erunt.
1603 2466 1683 2555 Qua
1707 2492 1766 2559 spe
1789 2469 1942 2537 libenter
1963 2462 2147 2554 complecti
2168 2475 2201 2529 te
2224 2470 2258 2526 et

993 2563 1004 2594 '
1272 2568 1365 2636 tueri
1381 2568 1477 2636 viros
1493 2569 1614 2637 doctos
1630 2569 1794 2640 arbitror.
1846 2567 1960 2636 Valde
1980 2567 2088 2655 igitur
2106 2586 2187 2640 oro,
2219 2571 2260 2627 ut

1273 2665 1369 2738 hunc
1384 2664 1666 2761 Sigismundum
1685 2670 1822 2739 audias:
1848 2666 1958 2738 Redit
1974 2668 2012 2734 in
2028 2663 2193 2756 patriam,
2218 2674 2259 2728 ut

1106 2845 1113 2870 0
1272 2770 1302 2838 si
1324 2770 1453 2860 possit,
1485 2784 1646 2860 parentes
1668 2772 1752 2840 inde
1775 2772 1937 2840 traducat
1957 2768 1996 2834 in
2020 2766 2172 2833 vicinam
2188 2759 2259 2828 Po-

230 2847 429 2973 Q·
1045 2847 1215 2969 Q
1273 2872 1425 2953 ioniam,
1451 2873 1580 2962 quibus
1604 2865 1797 2960 hospitium
1814 2870 1850 2936 in
1870 2885 1927 2938 tua
1945 2869 2080 2936 ditione
2097 2865 2260 2954 praeberi

612 3030 658 3111 Τ
798 3034 806 3051 .
1271 2972 1527 3065 aliquantisper
1555 2972 1654 3062 petit.
1713 2970 1904 3060 Postquam
1933 2991 2007 3035 non
2037 2968 2259 3034 defendimus

653 3059 845 3115 ‘mmm‘
1270 3073 1514 3158 Pannoniam,
1566 3068 1633 3141 hoc
1673 3071 1794 3139 saltem
1837 3067 1991 3135 officium
2031 3079 2258 3155 praestemus,

299 3205 366 3287 ugr.
380 3206 478 3261 senec
492 3204 570 3275 epar.
583 3208 684 3278 pase.
719 3206 804 3279 epta.
820 3207 868 3262 tu.
884 3208 905 3262 ι.
921 3226 948 3278 ρ.
960 3206 1022 3263 4ο4.
1041 3207 1117 3276 (eati.
1131 3208 1220 3264 tona.
1270 3170 1463 3265 hospitium
1481 3189 1522 3243 ut
1546 3170 1713 3270 [desertis
1731 3164 1785 3264 et]
1803 3166 1832 3263 ³)
1857 3168 2059 3259 palantibus
2086 3167 2257 3234 conceda-

331 3274 624 3397 lssbgssgfss·¹¹⁷’l·‘
648 3275 1220 3350 Aporaphaincod.Goct.212.p.1ot.,
1269 3300 1360 3349 mus.
1425 3270 1593 3345 Eruditio
1625 3265 1863 3366 Sigismnndi
1891 3292 2018 3357 magno
2049 3279 2257 3335 ornamento

331 3430 379 3465 no.
394 3412 454 3465 q„⁸
469 3345 617 3481 10ῗῖζόξῆ
631 3363 677 3466 Ὢ,
690 3344 867 3483 {qugl'gffle’
884 3346 1220 3487 ῑζξζῗῑζῇξξψζῃῆζὲο
1270 3377 1399 3468 poterit
1416 3400 1488 3446 esse
1503 3376 1635 3446 alicubi
1651 3372 1681 3469 ⁴)
1697 3369 1836 3443 scholae
1849 3372 2052 3462 ubicunque
2070 3369 2146 3438 erit.
2188 3365 2259 3435 Fui

327 3483 584 3549 nyrnotveunger,
603 3482 787 3537 Pannonio.”
1269 3480 1377 3567 igitur
1393 3478 1425 3545 ei
1441 3471 1622 3560 hortator,
1656 3492 1696 3546 ut
1722 3477 1843 3543 redeat
1859 3473 1896 3540 in
1915 3469 2160 3551 Gennaniam,
2193 3470 2257 3538 ubi

1268 3595 1303 3650 et
1318 3580 1525 3671 parentibus
1541 3593 1576 3649 et
1590 3578 1657 3646 sibi
1675 3578 1801 3645 nidum
1817 3574 1970 3665 aliquem
1987 3571 2160 3640 inveniet:
2196 3567 2257 3638 ln-

1267 3696 1361 3751 terea
1386 3696 1531 3771 propter
1553 3681 1720 3749 virtutem
1740 3691 1837 3747 tuam
1860 3686 1894 3742 et
1916 3686 2060 3763 propter
2087 3672 2255 3740 viciniam

1267 3785 1311 3851 ad
1335 3797 1368 3852 te
1391 3783 1666 3871 confugiendum
1692 3802 1765 3847 esse
1784 3788 1918 3859 censet,
1949 3774 2086 3865 tibique
2107 3795 2143 3842 se
2160 3796 2256 3842 corn-

225 3856 270 3945 S·
295 3871 340 3946 D·
397 3871 480 3942 Non
504 3874 629 3944 <iubilo
653 3889 688 3944 le
713 3875 831 3945 Virum
857 3875 1005 3953 consitio
1029 3890 1063 3948 et
1086 3877 1216 3950 virtute
1266 3885 1421 3957 mendat.
1473 3882 1546 3953 Nee
1562 3881 1699 3963 dubito,
1724 3879 1813 3971 quin
1829 3876 1893 3946 ubi
1909 3873 2064 3945 audieris
2082 3898 2173 3954 eum,
2197 3876 2253 3942 in-

224 3988 476 4067 praestantem,
510 3988 639 4044 etcum
655 3975 824 4066 Reipubl.
841 3977 994 4066 pericula
1012 3977 1216 4067 intelligeu-
1266 3987 1427 4075 genium,
1468 3984 1703 4055 eruditionem
1740 3995 1774 4051 et
1806 3978 2010 4068 gravitatem
2045 3975 2119 4044 eius
2153 3976 2255 4044 valde

226 4090 315 4160 tem,
354 4091 430 4146 turn
454 4100 537 4144 vero
561 4077 626 4146 toti
651 4078 730 4146 orbi
756 4067 977 4146 Christiano
997 4082 1129 4172 optime
1153 4106 1215 4150 cu·
1264 4088 1478 4178 probaturus
1494 4088 1552 4159 sis,
1608 4081 1663 4152 Eo
1681 4081 1925 4172 igiturliteras
1943 4079 1974 4147 ei
1999 4077 2098 4161 dedi,
2123 4077 2254 4145 uendi.

224 4178 380 4269 pientem
411 4179 449 4245 iu
480 4174 547 4245 hoc
576 4178 775 4248 tristissimo
796 4171 1018 4247 Pannoniae
1047 4182 1232 4267 incendio,
1265 4202 1340 4257 tum
1357 4189 1400 4256 ad
1419 4200 1453 4256 te
1470 4188 1721 4279 patefacerent,
1752 4198 1870 4276 postea
1893 4205 1973 4249 eum
1994 4190 2138 4269 propter
2154 4201 2252 4246 suain

223 4278 335 4386 multa
359 4280 510 4366 cogitare
532 4280 575 4347 de
599 4279 708 4348 variis
725 4279 960 4349 calamitatum
977 4276 1213 4352 humanarum
1263 4290 1432 4360 virtutem
1468 4288 1708 4379 complectere.
1771 4281 1888 4371 Quam
1927 4281 2001 4349 sint
2040 4273 2126 4346 haec
2160 4279 2252 4347 iusta

224 4379 357 4462 causis,
398 4382 443 4447 de
474 4381 571 4463 fatis,
606 4382 650 4448 de
682 4381 924 4473 providentia,
962 4385 1005 4452 de
1041 4384 1211 4454 scelerum
1263 4391 1378 4460 officia
1411 4390 1475 4457 tali
1506 4405 1680 4479 tempore,
1727 4399 1767 4454 tu
1805 4384 1936 4474 optime
1966 4378 2145 4467 intelligis.
2212 4377 2253 4449 Si

222 4481 368 4597 p0⁰¹1j⁸‚
398 4482 443 4550 (le
460 4478 667 4573 Principum
690 4483 887 4568 furoribus,
920 4507 1071 4575 quarum
1091 4508 1210 4554 rerum
1263 4492 1336 4561 ulla
1360 4491 1400 4559 in
1427 4513 1482 4576 re,
1521 4504 1614 4560 certe
1644 4484 1703 4557 hic
1732 4487 1831 4554 decet
1857 4478 2020 4552 homines
2051 4477 2264 4548 meminisse.

222 4605 383 4685 omnium
415 4583 578 4671 cogitatio
609 4583 713 4653 etiarn
743 4585 893 4653 fortibus
924 4585 1010 4653 viris
1033 4585 1210 4673 ingentem
1262 4616 1486 4676 communem
1510 4593 1603 4660 inter
1624 4613 1660 4660 se
1681 4585 1967 4658 coniunctionem
1982 4597 2016 4652 et
2028 4604 2253 4651 communem

224 4684 380 4752 dolorem
396 4685 520 4756 adfert.
562 4681 652 4753 Cum
669 4685 777 4772 igitur
793 4688 834 4754 ad
856 4700 889 4755 te
907 4686 951 4754 de
966 4680 1211 4779 Sigismundo
1260 4696 1453 4767 fortunam,
1512 4687 1648 4762 Thebis
1671 4688 1813 4772 deletis,
1854 4710 1935 4756 curn
1958 4686 2135 4754 decretum
2164 4695 2252 4751 esset

223 4777 432 4868 Pannonio,
453 4786 528 4853 viro
546 4785 759 4864 doctissimo,
780 4801 815 4855 et
830 4782 1079 4857 honestissimo
1096 4790 1209 4857 amieo
1260 4797 1411 4879 factum,
1444 4818 1489 4863 ne
1512 4795 1590 4886 quis
1613 4792 1730 4862 exules
1747 4784 1902 4879 hospitio
1918 4785 2106 4876 exciperet,
2139 4780 2250 4861 Athe-

222 4900 343 4955 nostro
360 4888 586 4957 sciibendum
602 4899 709 4965 esset,
740 4888 893 4956 libenter
914 4890 1049 4982 aliquid
1072 4891 1210 4980 praefa—
1262 4921 1328 4965 nae
1349 4910 1465 4965 tamen
1492 4897 1535 4965 ad
1557 4921 1594 4965 se
1616 4892 1841 4964 venientibus
1864 4883 2057 4977 hospitium
2078 4885 2251 4977 praebue-

222 5000 279 5055 tus
302 5009 428 5071 essem,
468 4990 564 5081 quod
595 4989 639 5055 ad
667 4988 852 5055 levandam
877 5002 973 5057 tuam
998 4992 1210 5062 moestitiam
1261 5010 1364 5084 runt,
1391 4997 1527 5066 tametsi
1552 4997 1684 5066 multae
1707 5005 1809 5062 erant
1833 5012 1973 5071 causae,
2000 5012 2062 5055 cm·
2083 4983 2249 5056 Alexan.

221 5090 522 5156 accommodatnm
551 5088 748 5171 videretur3
801 5086 871 5157 Sed
897 5090 1016 5159 omnia
1045 5116 1134 5183 quae
1163 5094 1208 5162 ab
1261 5094 1368 5166 drum
1386 5112 1420 5169 et
1434 5099 1624 5182 victorem,
1650 5109 1684 5166 et
1700 5094 1876 5164 irritatum
1894 5089 2137 5159 formidarent.
2178 5084 2250 5155 Nec

219 5188 369 5256 eruditis
385 5202 418 5257 et
435 5189 652 5277 sapientibus
668 5188 905 5277 colliguntur,
939 5206 1023 5260 nota
1044 5192 1111 5261 tibi
1135 5215 1208 5261 esse
1259 5224 1345 5269 vero
1369 5224 1457 5290 opus
1483 5214 1535 5268 est
1557 5199 1623 5268 tibi
1649 5207 1766 5267 vetera
1792 5192 1950 5282 exempla
1972 5190 2136 5270 recitare,
2169 5212 2249 5256 cum

222 5288 313 5371 scio,
338 5314 395 5356 me
417 5312 502 5356 vero
526 5284 610 5358 haee
625 5315 695 5359 una
719 5290 913 5359 consolatio
929 5305 1109 5385 utcunque
1131 5316 1208 5362 sus-
1259 5302 1374 5371 virtus
1387 5315 1448 5370 tua
1463 5301 1542 5367 aliis
1557 5300 1770 5392 praeluceat:
1804 5291 1983 5382 Excepisti
2005 5291 2100 5359 enim
2114 5287 2250 5378 Regem

219 5402 343 5457 tentat.
394 5386 471 5457 Etsi
496 5390 533 5457 in
557 5386 621 5460 hac
637 5392 764 5461 mnndi
781 5406 918 5461 senecta
937 5407 972 5463 et
987 5394 1114 5463 delirio
1138 5394 1207 5463 im·
1257 5398 1458 5485 Ioannem,
1492 5424 1571 5469 cum
1597 5424 1671 5470 non
1692 5410 1831 5469 tantum
1856 5394 2251 5474 esuisdesertusesset,

217 5493 373 5581 pendere
401 5491 561 5560 existimo
584 5493 733 5564 maiores
756 5515 947 5584 regnorum
969 5496 1205 5576 confusiones,

218 5616 323 5681 qnam
344 5593 488 5663 fuerunt
510 5608 629 5663 antea:
669 5610 786 5665 tamen
819 5621 982 5668 mansura
1009 5612 1060 5668 est
1086 5597 1204 5691 aliqua

214 5690 285 5761 Dei
308 5691 483 5774 Ecclesia,
524 5708 558 5763 et
585 5711 689 5766 erunt
719 5698 862 5786 politiae
890 5700 1029 5793 aliquae
1052 5694 1203 5791 hospitia
1290 5669 2004 5818 9ἓέ6οὡ·0’19·“οοέἆᾶ·ἔο“”’””ἄ”””

212 5789 393 5864 Ecclesiae
410 5810 442 5864 et
458 5796 653 5879 literarum,
680 5799 893 5891 squalidiora
909 5803 1073 5886 fortasse,
1097 5825 1202 5895 qnam
1289 5766 1318 5914 εἰ
1339 5764 1517 5906 omtuGtiilod
1533 5764 1611 5904 Ιὲοίῗ
1624 5780 1706 5903 ‘2⁰¹2’
1751 5777 1830 5817 Μ’
1843 5767 1950 5813 aurem.

212 5908 337 5983 antea,
370 5900 553 5969 sederunt
571 5912 708 5984 tamen,
739 5902 851 5970 donee
872 5900 934 5969 ille
956 5903 1032 5974 dies
1053 5903 1203 5975 laetissi-
1286 5935 1316 6003 ⁴)
1335 5933 1403 5992 cod.
1417 5933 1499 5989 Gon.
1513 5889 1574 5990 §12
1586 5887 1710 5989 eicotit.
1724 5932 1837 5987 mom,
1853 5927 1943 5983 anm,

338 1704 473 1771 Attouda
503 1708 645 1784 lectioni,
671 1702 876 1765 adhortationi
900 1715 931 1765 et
959 1703 1121 1764 doetrinae.
1177 1696 1224 1762 Ne

337 1815 471 1890 negliges
493 1810 624 1885 donum,
650 1806 734 1889 quod
756 1809 788 1865 in
809 1819 838 1866 te
858 1818 921 1884 est,
948 1806 1031 1887 quod
1054 1805 1158 1865 datum
1180 1813 1224 1864 est

265 3630 330 3704 Ad
352 3630 635 3708 Tarnocinm
661 3633 905 3721 Polonum,
933 3628 1179 3738 Capitoneum

582 3734 858 3811 Cracoviensem

1260 5569 1459 5588 ...ndu-u·-
