5325 6917
212 725 214 728 ,
302 658 377 758 471
874 640 1312 757 ttrtsTonAtttJM
1366 580 1479 739 LlB.
1511 646 1578 734 nt.
1628 646 1759 738 1844.
2262 651 2341 726 472

306 852 387 917 erga
402 850 458 893 me
473 823 618 892 officiosi
633 822 758 906 multi,
792 834 910 891 tamen
923 832 1105 911 praetextu
1123 815 1296 887 amicitiae
1347 810 1413 909 hac
1436 816 1475 894 in
1495 843 1532 901 re
1554 842 1735 903 moveare,
1768 819 1895 888 deiude
1919 805 2186 891 honestissimae
2206 835 2343 890 matro-

306 928 370 996 nec
392 914 659 1010 πλεονεκτικός,
701 948 764 991 nec
787 936 944 1012 captator
965 944 1038 990 esse
1065 920 1184 992 velim.
1243 915 1296 987 Te
1348 914 1490 1011 nae²⁰),
1525 920 1684 1007 coniugis
1709 920 1835 1010 ipsius,
1869 920 2009 1010 inopia,
2041 947 2147 1015 quam
2171 947 2244 990 non
2270 924 2341 991 du-

306 1040 398 1108 certe
417 1038 563 1114 propter
583 1022 784 1093 communia
808 1022 924 1092 studia
946 1022 1098 1112 optimae
1116 1018 1297 1088 doctrinae
1347 1018 1423 1088 bito
1443 1032 1485 1088 ut
1504 1043 1659 1088 sororem
1685 1022 1748 1088 abs
1772 1034 1805 1090 te
1826 1022 1927 1109 diligi
1941 1017 1982 1115 ²¹)
2006 1036 2040 1092 et
2061 1036 2207 1115 propter
2228 1046 2341 1114 genus

306 1142 341 1198 et
360 1139 505 1219 propter
526 1139 678 1195 veterem
702 1137 737 1193 et
761 1122 1000 1193 doctissimam
1015 1116 1045 1217 ⁰)
1073 1119 1294 1189 familiarita-
1348 1134 1383 1190 et
1396 1133 1540 1210 propter
1557 1120 1631 1188 eius
1648 1120 1827 1194 virtutem.
1870 1119 2030 1192 Etenim
2048 1126 2245 1216 exemplum
2262 1148 2341 1192 ma-

306 1218 378 1299 tem
406 1250 544 1318 semper
565 1225 713 1296 candide
739 1224 846 1294 dilexi
872 1237 906 1293 et
928 1218 1044 1292 adhuc
1066 1220 1193 1310 diligo,
1231 1243 1295 1287 nec
1348 1233 1471 1292 tronae
1483 1233 1629 1290 ornatae
1643 1223 1810 1292 omnibus
1833 1223 1971 1292 eximiis
1992 1225 2198 1309 virtutibus,
2230 1226 2340 1317 pudi-

305 1328 442 1399 mutavi
465 1328 652 1420 quicquam
674 1326 719 1393 de
744 1349 819 1399 mea
841 1349 921 1414 erga
942 1323 1186 1394 benevolentia
1210 1345 1296 1411 pro·
1348 1321 1448 1407 citia,
1472 1321 1661 1412 gravitate,
1692 1324 1876 1394 sanctitate
1891 1348 2049 1407 morum,
2074 1326 2219 1416 pietate,
2247 1326 2337 1394 tole-

304 1442 445 1521 pterea,
480 1430 576 1520 quod
598 1423 713 1496 affinis
733 1429 785 1495 tui
807 1425 897 1494 filios
918 1420 1104 1496 honestiss.
1120 1424 1164 1491 ad
1182 1444 1295 1490 meam
1348 1423 1479 1510 remia,
1512 1423 1695 1513 diligentia
1714 1425 1754 1493 in
1770 1427 1985 1496 oeconomia.
2034 1425 2151 1497 Huius
2168 1439 2201 1495 te
2217 1427 2336 1495 fortu-

305 1529 445 1599 admisi.
480 1527 557 1596 lmo
572 1550 756 1619 nunquam
774 1528 890 1618 ipsum
907 1528 950 1594 de
963 1540 997 1596 te
1012 1548 1133 1617 aspere
1147 1525 1297 1614 loquen-
1347 1547 1429 1592 nam
1445 1524 1617 1616 respicere
1631 1550 1696 1618 pro
1711 1539 1771 1596 tua
1789 1527 1917 1617 pietate
1933 1526 2038 1597 velim
2048 1524 2103 1622 ²²).
2151 1526 2334 1596 Postremo

305 1644 377 1700 tem
401 1627 540 1712 audivi,
581 1652 622 1698 ac
645 1628 745 1720 qnasi
769 1628 845 1697 eius
874 1627 1090 1720 suspiciones
1120 1622 1242 1693 sanavi
1255 1616 1297 1718 7).
1348 1624 1454 1712 etiam
1473 1640 1615 1696 nostrae
1634 1627 1807 1698 amicitiae
1827 1627 1963 1720 aliquid
1978 1629 2121 1699 tribuas.
2171 1625 2335 1696 luvarem

306 1730 400 1800 Volo
415 1729 524 1819 igitur
540 1726 606 1799 tibi
619 1752 826 1820 persuasum
841 1751 931 1813 esse,
964 1740 1042 1797 tea
1065 1723 1296 1794 meveredi·
1348 1725 1476 1817 etipse
1497 1723 1644 1821 eam²')‚
1680 1728 1711 1797 si
1733 1724 2028 1817 oeconomiam²⁴)
2050 1727 2239 1820 potuissem
2261 1728 2339 1816 ipse

306 1831 388 1920 ligi,
414 1844 448 1900 et
469 1823 562 1899 hanc
583 1829 766 1919 epistolam
789 1844 957 1923 tanquam
973 1842 1096 1898 testem
1112 1825 1297 1916 praecipue
1348 1849 1478 1916 regere.
1538 1826 1612 1898 Sed
1637 1853 1694 1911 me
1724 1831 1863 1921 negotia
1893 1830 2037 1922 publica
2066 1829 2339 1919 impediverunt.

306 1954 405 2001 meae
420 1925 732 2022 volu-utatistibi')
747 1931 862 2003 mitto.
912 1928 1067 1998 Memini
1083 1942 1217 2010 autem,
1240 1949 1297 1994 me
1349 1922 1513 2020 Aequum
1528 1943 1730 2016 estantem‚
1757 1928 1875 2026 nos²⁸)
1890 1954 1964 2002 esse
1979 1930 2154 2001 officiosos
2170 1952 2249 2017 erga
2269 1952 2341 2013 eos,

308 2044 390 2101 ante
410 2054 521 2099 annos
543 2031 679 2123 aliquot
703 2032 747 2100 de
771 2025 967 2099 Ambrosio
988 2023 1127 2098 Reuter
1140 2024 1168 2121 ⁹)
1191 2028 1234 2095 ad
1264 2039 1296 2095 te
1349 2052 1501 2120 quorum
1517 2031 1644 2102 militia
1661 2032 1772 2102 servit
1782 2029 1978 2117 Ecclesiae,
2009 2046 2044 2101 et
2060 2030 2257 2100 doctrinam
2279 2052 2341 2097 ve-

309 2133 478 2216 scribere,
505 2156 610 2223 quem
626 2134 720 2224 quod
735 2145 880 2225 propter
894 2132 1013 2201 literas
1028 2152 1121 2198 meas
1136 2144 1221 2200 tunc
1234 2129 1298 2196 ad·
1349 2151 1423 2200 tam
1440 2129 1603 2201 illustrat.
1651 2130 1747 2203 Haec
1762 2135 1807 2202 ad
1823 2146 1858 2203 te
1873 2132 1996 2224 scripsi
2011 2135 2107 2202 bono
2123 2132 2260 2215 studio,
2286 2143 2340 2199 te-

308 2231 432 2303 iuvisti
444 2229 502 2327 ¹⁰),
527 2227 641 2303 habeo
657 2233 722 2303 tihi
737 2233 886 2322 gratiam
899 2247 939 2304 ut
956 2232 1067 2301 debeo
1079 2226 1136 2325 ¹¹),
1166 2254 1205 2299 nc
1219 2226 1297 2299 Deo
1349 2253 1417 2323 que
1431 2254 1494 2306 oro
1507 2227 1559 2327 ²⁶),
1583 2245 1625 2303 ut
1640 2248 1797 2304 amanter
1812 2247 1846 2303 et
1857 2233 2052 2304 liberaliter
2063 2227 2339 2325 respondeas²⁷).

308 2346 447 2423 gratum
462 2357 534 2404 esse
547 2346 650 2404 tuum
673 2333 827 2403 officium
849 2357 924 2403 non
944 2334 1089 2417 dubito,
1123 2332 1184 2424 qui
1205 2342 1298 2399 certe
1348 2329 1461 2416 Deus,
1493 2347 1594 2423 pater
1614 2348 1776 2406 aeternus
1799 2334 1938 2405 domini
1963 2334 2077 2412 nostri
2099 2331 2178 2402 Iesu
2193 2328 2340 2417 Christi,

308 2436 405 2521 vult,
436 2449 479 2510 ut
498 2430 656 2505 honestis
673 2434 818 2504 familiis
838 2435 1021 2523 egentibus
1041 2433 1146 2502 amici
1157 2428 1197 2526 ¹²)
1221 2430 1297 2499 sine
1349 2445 1462 2502 servet
1478 2446 1511 2503 te
1529 2449 1562 2505 et
1576 2448 1673 2505 tuam
1686 2436 1855 2506 familiam
1872 2435 2104 2520 incolumem,
2137 2446 2171 2504 et
2190 2449 2287 2524 regat
2303 2447 2338 2503 te

308 2535 440 2625 insigni
463 2536 674 2606 detrimento
694 2536 931 2627 opitulentur,
961 2549 1003 2606 ut
1022 2558 1166 2605 manere
1187 2531 1298 2602 socie-
1349 2533 1560 2604 adsalutem
1581 2533 1760 2616 Ecclesiae
1784 2550 1820 2610 et
1842 2549 1951 2612 tuam
2008 2533 2106 2609 Beue
2130 2536 2217 2605 vale.
2267 2532 2337 2604 Die

309 2648 363 2705 tas
385 2637 499 2707 civilis
514 2650 550 2707 et
564 2636 789 2707 ecclesiarum
804 2636 1007 2707 coniunctio
1023 2635 1143 2726 possit.
1193 2632 1297 2704 Nunc
1347 2633 1409 2707 88.
1424 2631 1597 2724 Augusti,
1619 2635 1729 2711 1544.

308 2736 453 2816 interim
479 2749 626 2829 propter
639 2731 681 2829 ¹³)
713 2733 945 2807 Ambrosium
967 2736 1103 2809 Reuter
1118 2733 1160 2829 ¹⁴)
1191 2735 1235 2804 ad
1262 2746 1296 2803 te
1449 2735 1577 2808 Senem
1593 2735 1834 2809 venerandum
1850 2752 1994 2830 propter
2008 2736 2189 2828 pietatem,
2214 2736 2335 2805 erudi-

309 2837 436 2911 scribo.
487 2833 714 2930 Hactenus¹⁸l
729 2836 885 2929 privigni
901 2851 937 2909 et
959 2830 1314 2930 praeproperatae¹⁶l
1348 2834 1500 2923 tionem,
1525 2838 1762 2909 ministerium
1776 2836 1963 2928 Evangelii
1979 2852 2012 2908 et
2029 2838 2207 2929 pietatem,
2229 2834 2334 2909 Dom.

308 2937 569 3025 aedificationes
591 2961 674 3018 cum
697 2933 943 3014 exhauserunt.
1001 2938 1105 3009 Nunc
1128 2937 1297 3006 liberatus
1348 2930 1954 3027 Martinum²⁰),·conterraneum
1976 2962 2113 3020 meum,
2137 2951 2220 3029 opto
2242 2951 2335 3007 recte
2385 2992 2390 2998 .

307 3039 514 3131 aprivignis
527 3039 597 3110 sibi
610 3054 646 3110 et
659 3041 901 3131 suaesoniugi
924 3035 1190 3110 honestissimae
1211 3060 1297 3106 con·
1348 3038 1464 3108 valere
1481 3052 1515 3108 et
1528 3039 1663 3110 diutius
1675 3042 1795 3110 vivere
1809 3053 1842 3111 et
1859 3039 1992 3109 servire
2005 3037 2195 3116 Ecclesiae.
2236 3032 2337 3131 Opto

308 3140 423 3210 sulere
439 3141 555 3233 cupit,
581 3155 617 3212 et
632 3141 815 3213 aedificare
831 3142 945 3216 desiit.
994 3138 1154 3233 Cumque
1170 3139 1296 3208 domus
1349 3151 1382 3212 et
1394 3138 1542 3210 salutem
1555 3141 1783 3230 gubernatori
1796 3136 1937 3211 scholae
1950 3140 2139 3214 literariae.

307 3239 339 3309 ei
363 3242 541 3313 fructuosa
566 3266 640 3311 esse
661 3243 771 3334 possit
791 3243 897 3313 etiam
920 3241 1199 3328 negociationem
1220 3260 1294 3305 me·

307 3339 464 3410 diocrem
484 3342 669 3411 instituere
693 3343 800 3431 cupit.
855 3339 927 3411 Sed
948 3343 993 3410 ad
1018 3336 1110 3410 hanc
1132 3360 1221 3431 opus
1243 3349 1296 3406 est

306 3439 340 3507 ei
367 3434 566 3532 auxilio¹⁷)·‚
607 3451 646 3509 ut
678 3452 782 3510 antea
804 3434 1035 3508 Mamilium
1061 3439 1293 3532 bibliopolam
1371 3464 1374 3476 ·’

254 3629 257 3633 ⁴
305 3553 468 3608 nostrum
490 3552 605 3608 tecum
626 3540 783 3608 locutum
807 3561 880 3610 esse
901 3541 1056 3608 arbitror
1066 3536 1113 3632 ¹⁸)
1170 3539 1239 3611 llic
1260 3552 1294 3609 te
1346 3566 1411 3639 No·
1425 3568 1537 3639 3020·

304 3634 450 3730 propter
470 3636 607 3721 Deum,
646 3652 828 3727 aeternum
854 3654 988 3732 patrem
1015 3640 1152 3708 domini
1182 3640 1294 3712 nostri
1353 3664 1524 3698 ww

304 3736 385 3808 Iesu
400 3735 554 3826 Christi,
583 3740 646 3835 qui
667 3742 828 3812 omnium
849 3740 973 3810 officiis
995 3764 1218 3809 communem
1237 3765 1294 3810 so·
1699 3746 1756 3833 N,
1778 3744 1983 3832 Mallem,

305 3840 464 3928 cietatpm
479 3840 597 3911 iuvari
609 3842 704 3928 vult,
726 3855 768 3912 ut
783 3854 948 3912 maneant
963 3840 1107 3933 politiae
1122 3854 1157 3911 et
1170 3838 1294 3910 Eccle-

304 3931 390 4026 ὥς,
414 3939 453 4009 in
469 3940 702 4034 quibusDeus
712 3941 925 4028 celebretur,
948 3926 1025 4027 ord,
1050 3937 1294 4012 utAmbrosio
1414 3926 1545 4049 &fili
1558 3924 1656 4048 2¹3⁸?
1672 3921 1911 4047 lifgilffigffl
1925 3923 2215 4049 ffll‘fflffl'lssgl·
2237 3946 2279 4048 ²5·
2294 3929 2336 4039 ¹⁰2

304 4042 366 4110 des
380 4040 515 4112 'mutuo
545 4040 701 4140 aliquam
725 4043 931 4140 pecuniam,
972 4046 1017 4113 ad
1039 4043 1291 4114 instituendam
1447 4015 1524 4143 {eia
1539 4014 1753 4133 &adhibui
1767 4062 1847 4115 otiu.
1862 4014 2011 4117 ‘ttius’ex
2030 4013 2166 4120 solist.
2181 4016 2270 4122 dinis
2281 4016 2332 4117 'ii-

303 4142 595 4230 negociationem.
655 4142 762 4233 Quod
783 4156 825 4213 ut
846 4144 921 4213 siue
944 4145 1073 4214 damno
1094 4144 1169 4228 hat,
1201 4143 1292 4212 ratio
1447 4140 1557 4199 scupus.

303 4242 460 4313 ineunda
484 4238 619 4340 πῖθ’).
672 4235 834 4317 Primum
864 4258 983 4315 autem
1013 4243 1082 4316 Dei
1112 4245 1293 4315 voluntate
1486 4282 1578 4370 Dm,
1603 4280 1718 4366 Dect.
1738 4278 1788 4358 N
1789 4282 1805 4353 i
1811 4280 1946 4355 soluo
1968 4279 2188 4365 Mediam.
2283 4336 2286 4341 f

2177 3575 2336 3700 Q.

301 4430 526 4451 *⁸*-
1344 4393 1389 4485 S.
1413 4418 1459 4491 D.
1518 4414 1783 4501 Animadverti,
1828 4415 2104 4510 illustrissimum
2138 4416 2336 4509 principem

336 4541 412 4610 q..
425 4546 961 4605 ms,‚003‚p10„,0,33‚„0„g,g02
1344 4519 1533 4605 clesnenter
1550 4521 1594 4589 de
1611 4531 1646 4589 tc
1661 4518 1801 4591 sentire.
1850 4512 1899 4588 Et
1919 4515 2075 4586 fortassis
2096 4517 2159 4588 ubi
2182 4521 2333 4593 audierit
2379 4580 2381 4584 ,

335 4619 533 4694 ηρνοριινεα
551 4609 627 4697 qu'oa
639 4620 691 4684 ete.
710 4648 766 4683 non
788 4609 917 4699 legonus
933 4614 963 4686 in
982 4633 1045 4690 esd.
1058 4635 1169 4705 Μοιιις.
1181 4635 1243 4710 88.,
1265 4646 1292 4695 et
1344 4620 1617 4703 controversias.
1649 4640 1738 4709 quae
1758 4617 1826 4687 tibi
1844 4630 1927 4687 sunt
1945 4640 2026 4685 cum
2052 4618 2209 4706 civibus,
2238 4622 2334 4693 volet

335 4694 854 4844 ⁸)⁸1¹¹}¹⁸'‚¹ffll·⁰;⁰ffi¹ssljg‘l”²¹“·
1136 4794 1138 4797 ,
1343 4733 1377 4791 te
1393 4745 1548 4805 manere;
1581 4719 1677 4811 quod
1700 4718 1730 4785 si
1752 4730 1861 4807 petet,
1892 4717 2161 4789 deliberandum
2176 4722 2241 4791 tibi
2257 4725 2336 4811 erit,

336 4782 452 4942 9534
466 4843 550 4922 dou.
565 4835 622 4921 Μ
637 4841 688 4936 m
705 4817 1046 4923 ...i.1............2
1067 4870 1104 4925 m
1343 4821 1430 4913 quid
1451 4840 1683 4911 responsurus
1704 4817 1763 4891 sis.
1820 4813 1896 4906 Ego
1917 4814 2009 4892 mihi
2031 4816 2124 4895 nihil
2150 4821 2240 4894 iuris
2268 4847 2335 4897 nec

336 4947 380 5014 10)
398 4947 695 5033 consentientium.
707 4946 793 5003 Goth.
809 4949 869 5004 191.
881 4953 1034 5006 admisisti.

335 5031 381 5099 11)
399 5032 471 5108 Cod.
483 5034 602 5104 Menace
610 5035 654 5092 88.
666 5035 757 5088 tabeo
768 5043 796 5104 i‘
807 5035 893 5087 debeo
906 5036 955 5085 tibi
963 5037 1099 5103 gratian.

335 5118 380 5186 tq
396 5120 498 5184 amia]
513 5120 577 5175 md,
592 5117 702 5176 Μοῃκ,
716 5113 759 5175 aa,
770 5119 824 5172 0151·
833 5120 1036 5184 thefim
1375 5104 1422 5181 20)
1439 5089 1564 5155 marion.
1580 5099 1643 5157 cod.
1656 5097 1739 5156 Goth.
1748 5102 1807 5157 191.
1821 5119 1877 5155 non
1890 5098 1979 5158 habit.

335 5201 382 5267 18)
398 5200 469 5258 cod,
481 5200 595 5265 Mona,
608 5203 653 5259 88,
668 5208 712 5258 ae,
1374 5187 1422 5256 21)
1441 5184 1511 5242 cot.
1523 5184 1636 5242 Monac.
1649 5186 1693 5242 88.
1707 5204 1793 5255 quam
1807 5188 1863 5241 scih
1877 5196 1904 5239 te
1916 5196 1947 5240 ut
1958 5200 2085 5240 sororem
2096 5189 2220 5255 dris'gm.

334 5289 379 5354 14)
397 5284 468 5342 Cod.
481 5275 565 5343 Goth.
580 5288 638 5343 191.
650 5289 684 5343 A.
697 5289 736 5342 tt.
775 5269 779 5276 ¹
834 5284 836 5288 ⁴
1374 5270 1420 5337 22)
1437 5277 1592 5336 “Nm''
1604 5283 1703 5338 gottw.
1711 5280 1764 5325 etc.
1777 5288 1833 5330 non
1845 5270 1972 5340 leguntur
1983 5269 2012 5324 in
2024 5270 2087 5327 cod.
2099 5270 2214 5329 Motus.
2222 5270 2282 5326 88.

333 5369 382 5435 rs)
398 5369 544 5429 uase...
556 5370 632 5424 ‚sen
645 5389 660 5424 ι
674 5370 736 5426 ..a
749 5349 832 5427 sois.
846 5370 907 5425 rer.
1373 5354 1417 5425 ²³)
1436 5352 1505 5408 Cod-
1519 5354 1631 5409 Monac·
1642 5353 1685 5409 88.
1700 5352 1838 5407 lavarem
1851 5353 1910 5417 vu
1922 5368 1995 5407 eum·

333 5456 379 5520 18)
395 5471 531 5520 praepop.
543 5456 621 5509 abest
632 5472 648 5507 a
660 5455 722 5509 cod.
734 5456 847 5511 Monac.
858 5456 903 5511 88.
1373 5442 1418 5509 81)
1436 5439 1506 5514 808·
1519 5440 1630 5504 Mem·
1641 5438 1685 5493 88·
1696 5436 1786 5491 18888*
1805 5453 1910 5489 'mm-

334 5538 379 5604 17)
396 5557 516 5608 cumque
528 5544 629 5594 domus
641 5542 707 5609 eto}
723 5540 785 5594 cod.
798 5540 909 5596 Monac.
922 5538 968 5594 88.
982 5542 1036 5593 ωδ
1046 5546 1079 5590 ue
1089 5539 1220 5595 r'ttstitmt
1229 5545 1286 5597 ali-
1372 5527 1418 5595 25)
1436 5525 1507 5582 888·
1519 5524 1630 5582 880888·
1642 5525 1687 5579 88·
1702 5524 1740 5578 ll
1754 5541 1874 5593 8888888
1887 5525 1948 5591 8881
1963 5538 2022 5580 ¹¹⁰⁸·

367 5626 454 5675 im·
467 5611 634 5662 ’8888888818
646 5612 867 5677 &sublevem
878 5609 1027 5671 amihel
1037 5623 1106 5675 ‘W
1118 5618 1174 5666 eti.
1370 5612 1419 5677 26)
1437 5610 1507 5667 esd.
1522 5609 1636 5666 Monac.
1648 5609 1691 5665 88.
1706 5626 1784 5679 rogo.

333 5691 379 5756 18)
396 5694 533 5758 arbitror]
546 5692 608 5748 cod.
623 5691 736 5746 Monac.
747 5692 791 5745 88.
804 5694 914 5759 irradio.⁴
1051 5711 1073 5759 ·,
1372 5694 1419 5766 n)
1435 5689 1487 5749 ilic
1500 5691 1599 5746 desiuit
1612 5710 1706 5772 apogr.
1719 5691 1749 5746 in
1762 5689 1826 5747 cod.
1838 5688 1950 5746 Monac.
1961 5689 2005 5746 88.

306 5778 378 5853 ,m
395 5776 591 5835 nouom
604 5777 1043 5859 armamentum.
1252 5849 1256 5856 .
1371 5780 1421 5851 ss>
1437 5769 1630 5833 susanne.
