<?xml version="1.0" encoding="UTF-8"?>
<!DOCTYPE html PUBLIC "-//W3C//DTD XHTML 1.0 Transitional//EN"
    "http://www.w3.org/TR/xhtml1/DTD/xhtml1-transitional.dtd">
<html xmlns="http://www.w3.org/1999/xhtml" xml:lang="en" lang="en">
 <head>
  <title>
</title>
<meta http-equiv="Content-Type" content="text/html;charset=utf-8" />
  <meta name='ocr-system' content='tesseract 3.04.00' />
  <meta name='ocr-capabilities' content='ocr_page ocr_carea ocr_par ocr_line ocrx_word'/>
</head>
<body>
  <div class='ocr_page' id='page_1' title='image "./philippimelanth10melagoog_0231.png"; bbox 0 0 5325 6917; ppageno 0'>
   <div class='ocr_carea' id='block_1_1' title="bbox 203 676 2465 787">
    <p class='ocr_par' dir='ltr' id='par_1_1' title="bbox 203 676 2465 787">
     <span class='ocr_line' id='line_1_1' title="bbox 203 676 2465 787; baseline 0.001 -19"><span class='ocrx_word' id='word_1_1' title='bbox 203 737 226 783; x_wconf 79' lang='lat'><strong>.</strong></span> <span class='ocrx_word' id='word_1_2' title='bbox 422 692 498 769; x_wconf 79' lang='lat' dir='ltr'>aar</span> <span class='ocrx_word' id='word_1_3' title='bbox 622 676 649 702; x_wconf 82' lang='grc'>·’</span> <span class='ocrx_word' id='word_1_4' title='bbox 1000 684 1439 765; x_wconf 78' lang='lat' dir='ltr'>amsrouaauu</span> <span class='ocrx_word' id='word_1_5' title='bbox 1488 686 1597 769; x_wconf 77' lang='lat' dir='ltr'>aaa.</span> <span class='ocrx_word' id='word_1_6' title='bbox 1629 684 1698 767; x_wconf 83' lang='lat' dir='ltr'>rx.</span> <span class='ocrx_word' id='word_1_7' title='bbox 1751 684 1884 787; x_wconf 76' lang='lat' dir='ltr'>asae.</span> <span class='ocrx_word' id='word_1_8' title='bbox 2386 694 2465 786; x_wconf 78' lang='lat' dir='ltr'>aaa</span> 
     </span>
    </p>
   </div>
   <div class='ocr_carea' id='block_1_2' title="bbox 290 851 2470 1665">
    <p class='ocr_par' dir='ltr' id='par_1_2' title="bbox 290 851 2465 958">
     <span class='ocr_line' id='line_1_2' title="bbox 290 851 2465 958; baseline 0.001 -25"><span class='ocrx_word' id='word_1_9' title='bbox 290 911 293 916; x_wconf 86' lang='lat'><em>-</em></span> <span class='ocrx_word' id='word_1_10' title='bbox 400 851 467 933; x_wconf 50' lang='lat' dir='ltr'>&#39;ac</span> <span class='ocrx_word' id='word_1_11' title='bbox 488 875 586 952; x_wconf 87' lang='lat' dir='ltr'>regat</span> <span class='ocrx_word' id='word_1_12' title='bbox 607 863 652 934; x_wconf 91' lang='lat' dir='ltr'>ad</span> <span class='ocrx_word' id='word_1_13' title='bbox 667 856 844 935; x_wconf 83' lang='lat' dir='ltr'>Ecclesiae</span> <span class='ocrx_word' id='word_1_14' title='bbox 865 886 946 934; x_wconf 89' lang='lat' dir='ltr'>suae</span> <span class='ocrx_word' id='word_1_15' title='bbox 962 861 1122 938; x_wconf 85' lang='lat' dir='ltr'>salutem.</span> <span class='ocrx_word' id='word_1_16' title='bbox 1173 862 1422 951; x_wconf 87' lang='lat' dir='ltr'>Witebergae,</span> <span class='ocrx_word' id='word_1_17' title='bbox 1468 884 1545 933; x_wconf 88' lang='lat' dir='ltr'>ram</span> <span class='ocrx_word' id='word_1_18' title='bbox 1569 861 1699 949; x_wconf 80' lang='lat' dir='ltr'>edidit,</span> <span class='ocrx_word' id='word_1_19' title='bbox 1732 876 1901 958; x_wconf 90' lang='lat' dir='ltr'>tanquam</span> <span class='ocrx_word' id='word_1_20' title='bbox 1925 863 1968 932; x_wconf 89' lang='lat' dir='ltr'>ad</span> <span class='ocrx_word' id='word_1_21' title='bbox 1995 862 2129 958; x_wconf 88' lang='lat' dir='ltr'>equites</span> <span class='ocrx_word' id='word_1_22' title='bbox 2153 858 2334 951; x_wconf 82' lang='lat' dir='ltr'>habitam,</span> <span class='ocrx_word' id='word_1_23' title='bbox 2371 864 2465 937; x_wconf 91' lang='lat' dir='ltr'>mihi</span> 
     </span>
    </p>

    <p class='ocr_par' dir='ltr' id='par_1_3' title="bbox 352 959 2467 1062">
     <span class='ocr_line' id='line_1_3' title="bbox 352 959 2467 1062; baseline 0.001 -26"><span class='ocrx_word' id='word_1_24' title='bbox 352 1044 356 1057; x_wconf 38' lang='grc' dir='ltr'>Ι</span> <span class='ocrx_word' id='word_1_25' title='bbox 429 964 486 1036; x_wconf 90' lang='lat' dir='ltr'>die</span> <span class='ocrx_word' id='word_1_26' title='bbox 510 959 680 1036; x_wconf 75' lang='lat' dir='ltr'><strong>lobannis</strong></span> <span class='ocrx_word' id='word_1_27' title='bbox 698 964 877 1058; x_wconf 79' lang='lat' dir='ltr'>Baptistae</span> <span class='ocrx_word' id='word_1_28' title='bbox 902 964 1148 1037; x_wconf 89' lang='lat' dir='ltr'>monstratoris</span> <span class='ocrx_word' id='word_1_29' title='bbox 1164 964 1277 1057; x_wconf 82' lang='lat' dir='ltr'>Agni,</span> <span class='ocrx_word' id='word_1_30' title='bbox 1312 960 1423 1038; x_wconf 79' lang='lat'><strong>1544.</strong></span> <span class='ocrx_word' id='word_1_31' title='bbox 1470 959 1650 1035; x_wconf 75' lang='lat' dir='ltr'>character</span> <span class='ocrx_word' id='word_1_32' title='bbox 1681 964 1811 1056; x_wconf 84' lang='lat' dir='ltr'>placet,</span> <span class='ocrx_word' id='word_1_33' title='bbox 1849 979 1884 1035; x_wconf 91' lang='lat' dir='ltr'>et</span> <span class='ocrx_word' id='word_1_34' title='bbox 1906 968 2050 1056; x_wconf 77' lang='lat' dir='ltr'>adparet</span> <span class='ocrx_word' id='word_1_35' title='bbox 2079 966 2233 1036; x_wconf 88' lang='lat' dir='ltr'>voluisse</span> <span class='ocrx_word' id='word_1_36' title='bbox 2258 990 2338 1035; x_wconf 91' lang='lat' dir='ltr'>eum</span> <span class='ocrx_word' id='word_1_37' title='bbox 2364 971 2467 1062; x_wconf 86' lang='lat' dir='ltr'>sequi</span> 
     </span>
    </p>

    <p class='ocr_par' dir='ltr' id='par_1_4' title="bbox 1249 1060 2467 1142">
     <span class='ocr_line' id='line_1_4' title="bbox 1249 1060 2467 1142; baseline 0.007 -9"><span class='ocrx_word' id='word_1_38' title='bbox 1249 1065 1291 1142; x_wconf 85' lang='lat' dir='ltr'>P.</span> <span class='ocrx_word' id='word_1_39' title='bbox 1316 1063 1372 1141; x_wconf 83' lang='lat' dir='ltr'>M.</span> <span class='ocrx_word' id='word_1_40' title='bbox 1470 1065 1570 1135; x_wconf 86' lang='lat' dir='ltr'>filum</span> <span class='ocrx_word' id='word_1_41' title='bbox 1592 1060 1917 1138; x_wconf 80' lang='lat' dir='ltr'>Demosthenicum.</span> <span class='ocrx_word' id='word_1_42' title='bbox 1981 1066 2073 1135; x_wconf 80' lang='lat' dir='ltr'>Cum</span> <span class='ocrx_word' id='word_1_43' title='bbox 2106 1081 2223 1136; x_wconf 81' lang='lat' dir='ltr'>atatem</span> <span class='ocrx_word' id='word_1_44' title='bbox 2256 1071 2384 1138; x_wconf 90' lang='lat' dir='ltr'>scirem</span> <span class='ocrx_word' id='word_1_45' title='bbox 2410 1097 2467 1141; x_wconf 87' lang='lat' dir='ltr'>me</span> 
     </span>
    </p>

    <p class='ocr_par' dir='ltr' id='par_1_5' title="bbox 1470 1159 2467 1257">
     <span class='ocr_line' id='line_1_5' title="bbox 1470 1159 2467 1257; baseline 0.006 -20"><span class='ocrx_word' id='word_1_46' title='bbox 1470 1159 1630 1237; x_wconf 88' lang='lat' dir='ltr'>Luthero</span> <span class='ocrx_word' id='word_1_47' title='bbox 1653 1190 1766 1235; x_wconf 90' lang='lat' dir='ltr'>unum</span> <span class='ocrx_word' id='word_1_48' title='bbox 1787 1190 1829 1234; x_wconf 79' lang='lat' dir='ltr'>es</span> <span class='ocrx_word' id='word_1_49' title='bbox 1851 1167 1923 1235; x_wconf 94' lang='lat' dir='ltr'>illis</span> <span class='ocrx_word' id='word_1_50' title='bbox 1948 1167 2115 1257; x_wconf 84' lang='lat' dir='ltr'>exemplis</span> <span class='ocrx_word' id='word_1_51' title='bbox 2136 1170 2292 1249; x_wconf 80' lang='lat' dir='ltr'>dedisse,</span> <span class='ocrx_word' id='word_1_52' title='bbox 2323 1165 2402 1241; x_wconf 90' lang='lat' dir='ltr'>heri</span> <span class='ocrx_word' id='word_1_53' title='bbox 2422 1176 2467 1243; x_wconf 87' lang='lat' dir='ltr'>ab</span> 
     </span>
    </p>

    <p class='ocr_par' dir='ltr' id='par_1_6' title="bbox 1473 1262 2469 1362">
     <span class='ocr_line' id='line_1_6' title="bbox 1473 1262 2469 1362; baseline 0.006 -23"><span class='ocrx_word' id='word_1_54' title='bbox 1473 1291 1515 1339; x_wconf 90' lang='lat' dir='ltr'>eo</span> <span class='ocrx_word' id='word_1_55' title='bbox 1531 1262 1700 1362; x_wconf 89' lang='lat' dir='ltr'>repetivi,</span> <span class='ocrx_word' id='word_1_56' title='bbox 1732 1280 1773 1338; x_wconf 90' lang='lat' dir='ltr'>ut</span> <span class='ocrx_word' id='word_1_57' title='bbox 1788 1267 1856 1336; x_wconf 92' lang='lat' dir='ltr'>tibi</span> <span class='ocrx_word' id='word_1_58' title='bbox 1872 1269 2056 1339; x_wconf 76' lang='lat' dir='ltr'>mitterem.</span> <span class='ocrx_word' id='word_1_59' title='bbox 2114 1266 2193 1338; x_wconf 82' lang='lat' dir='ltr'>Etsi</span> <span class='ocrx_word' id='word_1_60' title='bbox 2217 1294 2292 1339; x_wconf 89' lang='lat' dir='ltr'>non</span> <span class='ocrx_word' id='word_1_61' title='bbox 2317 1287 2369 1343; x_wconf 86' lang='lat' dir='ltr'>est</span> <span class='ocrx_word' id='word_1_62' title='bbox 2393 1274 2469 1362; x_wconf 88' lang='lat' dir='ltr'>illa,</span> 
     </span>
    </p>

    <p class='ocr_par' dir='ltr' id='par_1_7' title="bbox 1281 1361 2470 1466">
     <span class='ocr_line' id='line_1_7' title="bbox 1281 1361 2470 1466; baseline 0.007 -29"><span class='ocrx_word' id='word_1_63' title='bbox 1281 1361 1424 1437; x_wconf 57' lang='lat' dir='ltr'>sthur·</span> <span class='ocrx_word' id='word_1_64' title='bbox 1474 1392 1581 1466; x_wconf 90' lang='lat' dir='ltr'>quam</span> <span class='ocrx_word' id='word_1_65' title='bbox 1603 1368 1724 1439; x_wconf 89' lang='lat' dir='ltr'>vidisti</span> <span class='ocrx_word' id='word_1_66' title='bbox 1746 1381 1867 1454; x_wconf 88' lang='lat' dir='ltr'>antea,</span> <span class='ocrx_word' id='word_1_67' title='bbox 1908 1383 2025 1439; x_wconf 89' lang='lat' dir='ltr'>tamen</span> <span class='ocrx_word' id='word_1_68' title='bbox 2053 1369 2106 1437; x_wconf 90' lang='lat' dir='ltr'>vel</span> <span class='ocrx_word' id='word_1_69' title='bbox 2135 1386 2280 1462; x_wconf 92' lang='lat' dir='ltr'>propter</span> <span class='ocrx_word' id='word_1_70' title='bbox 2304 1366 2470 1445; x_wconf 80' lang='lat' dir='ltr'>Lulderi</span> 
     </span>
    </p>

    <p class='ocr_par' dir='ltr' id='par_1_8' title="bbox 1285 1456 2469 1665">
     <span class='ocr_line' id='line_1_8' title="bbox 1285 1456 2469 1563; baseline 0.006 -23"><span class='ocrx_word' id='word_1_71' title='bbox 1285 1456 1418 1484; x_wconf 52' lang='grc' dir='ltr'><strong>Μ</strong></span> <span class='ocrx_word' id='word_1_72' title='bbox 1475 1493 1621 1542; x_wconf 88' lang='lat' dir='ltr'>manum</span> <span class='ocrx_word' id='word_1_73' title='bbox 1644 1484 1779 1561; x_wconf 80' lang='lat' dir='ltr'>gratam</span> <span class='ocrx_word' id='word_1_74' title='bbox 1801 1470 1878 1541; x_wconf 86' lang='lat' dir='ltr'>iore</span> <span class='ocrx_word' id='word_1_75' title='bbox 1899 1470 1966 1541; x_wconf 90' lang='lat' dir='ltr'>tibi</span> <span class='ocrx_word' id='word_1_76' title='bbox 1981 1493 2104 1563; x_wconf 87' lang='lat' dir='ltr'>spero,</span> <span class='ocrx_word' id='word_1_77' title='bbox 2133 1486 2169 1542; x_wconf 91' lang='lat' dir='ltr'>et</span> <span class='ocrx_word' id='word_1_78' title='bbox 2184 1487 2223 1542; x_wconf 88' lang='lat' dir='ltr'>ut</span> <span class='ocrx_word' id='word_1_79' title='bbox 2238 1497 2314 1544; x_wconf 89' lang='lat' dir='ltr'>mea</span> <span class='ocrx_word' id='word_1_80' title='bbox 2330 1477 2397 1546; x_wconf 92' lang='lat' dir='ltr'>tibi</span> <span class='ocrx_word' id='word_1_81' title='bbox 2412 1480 2469 1547; x_wconf 84' lang='lat' dir='ltr'>ol-</span> 
     </span>
     <span class='ocr_line' id='line_1_9' title="bbox 1473 1571 1863 1665; baseline 0.003 -21"><span class='ocrx_word' id='word_1_82' title='bbox 1473 1571 1552 1644; x_wconf 80' lang='lat' dir='ltr'>ficia</span> <span class='ocrx_word' id='word_1_83' title='bbox 1565 1572 1636 1643; x_wconf 86' lang='lat' dir='ltr'>sint</span> <span class='ocrx_word' id='word_1_84' title='bbox 1651 1585 1748 1662; x_wconf 89' lang='lat' dir='ltr'>grata</span> <span class='ocrx_word' id='word_1_85' title='bbox 1767 1587 1863 1665; x_wconf 87' lang='lat' dir='ltr'>opto.</span> 
     </span>
    </p>
   </div>
   <div class='ocr_carea' id='block_1_3' title="bbox 443 1356 639 1431">
    <p class='ocr_par' dir='ltr' id='par_1_9' title="bbox 443 1356 639 1431">
     <span class='ocr_line' id='line_1_10' title="bbox 443 1356 639 1431; baseline 0.01 -3"><span class='ocrx_word' id='word_1_86' title='bbox 443 1358 511 1431; x_wconf 86' lang='lat' dir='ltr'>No.</span> <span class='ocrx_word' id='word_1_87' title='bbox 525 1356 639 1431; x_wconf 77' lang='lat'><strong>2975.</strong></span> 
     </span>
    </p>
   </div>
   <div class='ocr_carea' id='block_1_4' title="bbox 434 1452 644 1485">
    <p class='ocr_par' dir='ltr' id='par_1_10' title="bbox 434 1452 644 1485">
     <span class='ocr_line' id='line_1_11' title="bbox 434 1452 644 1485; baseline 0 0"><span class='ocrx_word' id='word_1_88' title='bbox 434 1452 644 1485; x_wconf 55' lang='grc' dir='ltr'><strong>Μ</strong></span> 
     </span>
    </p>
   </div>
   <div class='ocr_carea' id='block_1_5' title="bbox 709 1536 1077 1653">
    <p class='ocr_par' dir='ltr' id='par_1_11' title="bbox 709 1536 1077 1653">
     <span class='ocr_line' id='line_1_12' title="bbox 709 1536 1077 1653; baseline 0.011 -32"><span class='ocrx_word' id='word_1_89' title='bbox 709 1583 713 1590; x_wconf 49' lang='grc'><strong>’</strong></span> <span class='ocrx_word' id='word_1_90' title='bbox 782 1540 846 1628; x_wconf 88' lang='lat' dir='ltr'>Io.</span> <span class='ocrx_word' id='word_1_91' title='bbox 877 1536 1077 1653; x_wconf 76' lang='lat' dir='ltr'>Sctgetio.</span> 
     </span>
    </p>
   </div>
   <div class='ocr_carea' id='block_1_6' title="bbox 534 1677 1132 1751">
    <p class='ocr_par' dir='ltr' id='par_1_12' title="bbox 534 1677 1132 1751">
     <span class='ocr_line' id='line_1_13' title="bbox 534 1677 1132 1751; baseline -0.005 -15"><span class='ocrx_word' id='word_1_92' title='bbox 534 1683 623 1736; x_wconf 80' lang='lat' dir='ltr'>Dana.</span> <span class='ocrx_word' id='word_1_93' title='bbox 638 1696 682 1751; x_wconf 81' lang='lat' dir='ltr'>ep,</span> <span class='ocrx_word' id='word_1_94' title='bbox 698 1681 741 1734; x_wconf 87' lang='lat' dir='ltr'>ll.</span> <span class='ocrx_word' id='word_1_95' title='bbox 776 1677 845 1735; x_wconf 87' lang='lat' dir='ltr'>Cod.</span> <span class='ocrx_word' id='word_1_96' title='bbox 858 1677 943 1733; x_wconf 88' lang='lat' dir='ltr'>Goth.</span> <span class='ocrx_word' id='word_1_97' title='bbox 958 1678 1018 1733; x_wconf 81' lang='lat' dir='ltr'>tae.</span> <span class='ocrx_word' id='word_1_98' title='bbox 1035 1678 1132 1750; x_wconf 55' lang='lat' dir='ltr'>epil,</span> 
     </span>
    </p>
   </div>
   <div class='ocr_carea' id='block_1_7' title="bbox 434 1817 1429 2213">
    <p class='ocr_par' dir='ltr' id='par_1_13' title="bbox 434 1817 1429 2124">
     <span class='ocr_line' id='line_1_14' title="bbox 434 1817 1428 1918; baseline -0.009 -20"><span class='ocrx_word' id='word_1_99' title='bbox 434 1819 658 1898; x_wconf 86' lang='lat' dir='ltr'>Clarissimo</span> <span class='ocrx_word' id='word_1_100' title='bbox 675 1822 768 1904; x_wconf 77' lang='lat' dir='ltr'>viro,</span> <span class='ocrx_word' id='word_1_101' title='bbox 798 1817 999 1893; x_wconf 77' lang='lat' dir='ltr'>eruditione</span> <span class='ocrx_word' id='word_1_102' title='bbox 1015 1830 1046 1891; x_wconf 87' lang='lat' dir='ltr'>et</span> <span class='ocrx_word' id='word_1_103' title='bbox 1065 1820 1194 1890; x_wconf 80' lang='lat' dir='ltr'>virtute</span> <span class='ocrx_word' id='word_1_104' title='bbox 1206 1818 1428 1918; x_wconf 76' lang='lat' dir='ltr'>praestanti,</span> 
     </span>
     <span class='ocr_line' id='line_1_15' title="bbox 434 1915 1429 2020; baseline -0.006 -22"><span class='ocrx_word' id='word_1_105' title='bbox 434 1923 490 2005; x_wconf 88' lang='lat' dir='ltr'>D.</span> <span class='ocrx_word' id='word_1_106' title='bbox 509 1923 688 1997; x_wconf 87' lang='lat' dir='ltr'>Ioanni</span> <span class='ocrx_word' id='word_1_107' title='bbox 707 1919 936 2019; x_wconf 81' lang='lat' dir='ltr'>Stigeiio,</span> <span class='ocrx_word' id='word_1_108' title='bbox 969 1948 995 1993; x_wconf 92' lang='lat' dir='ltr'>a</span> <span class='ocrx_word' id='word_1_109' title='bbox 1008 1915 1151 2011; x_wconf 84' lang='lat' dir='ltr'>Carolo</span> <span class='ocrx_word' id='word_1_110' title='bbox 1168 1918 1265 2020; x_wconf 87' lang='lat' dir='ltr'>Imp.</span> <span class='ocrx_word' id='word_1_111' title='bbox 1281 1928 1314 1991; x_wconf 87' lang='lat' dir='ltr'>et</span> <span class='ocrx_word' id='word_1_112' title='bbox 1329 1917 1429 1994; x_wconf 87' lang='lat' dir='ltr'>Mu-</span> 
     </span>
     <span class='ocr_line' id='line_1_16' title="bbox 509 2020 1355 2124; baseline -0.006 -25"><span class='ocrx_word' id='word_1_113' title='bbox 509 2030 562 2099; x_wconf 86' lang='lat' dir='ltr'>sis</span> <span class='ocrx_word' id='word_1_114' title='bbox 579 2026 671 2124; x_wconf 85' lang='lat' dir='ltr'>ipsis</span> <span class='ocrx_word' id='word_1_115' title='bbox 688 2020 842 2096; x_wconf 79' lang='lat' dir='ltr'>Laurea</span> <span class='ocrx_word' id='word_1_116' title='bbox 861 2034 1047 2096; x_wconf 84' lang='lat' dir='ltr'>aeternum</span> <span class='ocrx_word' id='word_1_117' title='bbox 1064 2023 1196 2095; x_wconf 83' lang='lat' dir='ltr'>virenti</span> <span class='ocrx_word' id='word_1_118' title='bbox 1211 2032 1355 2111; x_wconf 87' lang='lat' dir='ltr'>ornato,</span> 
     </span>
    </p>

    <p class='ocr_par' dir='ltr' id='par_1_14' title="bbox 820 2150 1085 2213">
     <span class='ocr_line' id='line_1_17' title="bbox 820 2150 1085 2213; baseline 0 -17"><span class='ocrx_word' id='word_1_119' title='bbox 820 2151 940 2197; x_wconf 79' lang='lat' dir='ltr'>emeca</span> <span class='ocrx_word' id='word_1_120' title='bbox 958 2150 1044 2213; x_wconf 86' lang='lat' dir='ltr'>sao,</span> <span class='ocrx_word' id='word_1_121' title='bbox 1076 2200 1085 2212; x_wconf 57' lang='lat'>,</span> 
     </span>
    </p>
   </div>
   <div class='ocr_carea' id='block_1_8' title="bbox 1474 1670 2468 2274">
    <p class='ocr_par' dir='ltr' id='par_1_15' title="bbox 1474 1670 2468 2274">
     <span class='ocr_line' id='line_1_18' title="bbox 1573 1670 2468 1757; baseline 0.009 -14"><span class='ocrx_word' id='word_1_122' title='bbox 1573 1670 1768 1744; x_wconf 87' lang='lat' dir='ltr'>Nunciusa</span> <span class='ocrx_word' id='word_1_123' title='bbox 1789 1673 1920 1743; x_wconf 85' lang='lat' dir='ltr'>Viadro</span> <span class='ocrx_word' id='word_1_124' title='bbox 1938 1673 2063 1757; x_wconf 88' lang='lat' dir='ltr'>rediit,</span> <span class='ocrx_word' id='word_1_125' title='bbox 2095 1689 2129 1744; x_wconf 92' lang='lat' dir='ltr'>et</span> <span class='ocrx_word' id='word_1_126' title='bbox 2150 1674 2284 1746; x_wconf 74' lang='lat' dir='ltr'>litteras</span> <span class='ocrx_word' id='word_1_127' title='bbox 2305 1679 2426 1749; x_wconf 89' lang='lat' dir='ltr'>attulit</span> <span class='ocrx_word' id='word_1_128' title='bbox 2447 1706 2468 1751; x_wconf 89' lang='lat' dir='ltr'>a</span> 
     </span>
     <span class='ocr_line' id='line_1_19' title="bbox 1474 1770 2468 1872; baseline 0.008 -28"><span class='ocrx_word' id='word_1_129' title='bbox 1474 1771 1565 1859; x_wconf 90' lang='lat' dir='ltr'>lilia,</span> <span class='ocrx_word' id='word_1_130' title='bbox 1598 1798 1685 1868; x_wconf 86' lang='lat' dir='ltr'>quas</span> <span class='ocrx_word' id='word_1_131' title='bbox 1706 1773 1773 1845; x_wconf 91' lang='lat' dir='ltr'>tibi</span> <span class='ocrx_word' id='word_1_132' title='bbox 1794 1775 1919 1859; x_wconf 92' lang='lat' dir='ltr'>mitto,</span> <span class='ocrx_word' id='word_1_133' title='bbox 1948 1788 1981 1844; x_wconf 91' lang='lat' dir='ltr'>et</span> <span class='ocrx_word' id='word_1_134' title='bbox 1998 1800 2017 1843; x_wconf 89' lang='lat' dir='ltr'>a</span> <span class='ocrx_word' id='word_1_135' title='bbox 2035 1770 2199 1857; x_wconf 85' lang='lat' dir='ltr'>Sabino,</span> <span class='ocrx_word' id='word_1_136' title='bbox 2231 1777 2468 1872; x_wconf 72' lang='lat' dir='ltr'>qui&#39;miratur</span> 
     </span>
     <span class='ocr_line' id='line_1_20' title="bbox 1475 1875 2468 1965; baseline 0.007 -19"><span class='ocrx_word' id='word_1_137' title='bbox 1475 1897 1538 1946; x_wconf 88' lang='lat' dir='ltr'>cur</span> <span class='ocrx_word' id='word_1_138' title='bbox 1553 1876 1717 1944; x_wconf 78' lang='lat' dir='ltr'>ancillam</span> <span class='ocrx_word' id='word_1_139' title='bbox 1733 1900 1808 1945; x_wconf 90' lang='lat' dir='ltr'>non</span> <span class='ocrx_word' id='word_1_140' title='bbox 1821 1875 1970 1949; x_wconf 87' lang='lat' dir='ltr'>miseris.</span> <span class='ocrx_word' id='word_1_141' title='bbox 2022 1875 2212 1965; x_wconf 85' lang='lat' dir='ltr'>Quomodo</span> <span class='ocrx_word' id='word_1_142' title='bbox 2226 1903 2310 1948; x_wconf 91' lang='lat' dir='ltr'>vero</span> <span class='ocrx_word' id='word_1_143' title='bbox 2326 1881 2468 1952; x_wconf 82' lang='lat' dir='ltr'>mittes?</span> 
     </span>
     <span class='ocr_line' id='line_1_21' title="bbox 1475 1971 2467 2077; baseline 0.008 -31"><span class='ocrx_word' id='word_1_144' title='bbox 1475 2000 1521 2046; x_wconf 92' lang='lat' dir='ltr'>an</span> <span class='ocrx_word' id='word_1_145' title='bbox 1539 1974 1614 2068; x_wconf 91' lang='lat' dir='ltr'>ipse</span> <span class='ocrx_word' id='word_1_146' title='bbox 1629 1977 1728 2047; x_wconf 90' lang='lat' dir='ltr'>illam</span> <span class='ocrx_word' id='word_1_147' title='bbox 1743 1971 1957 2046; x_wconf 85' lang='lat' dir='ltr'>adveheres?</span> <span class='ocrx_word' id='word_1_148' title='bbox 2007 1977 2186 2071; x_wconf 86' lang='lat' dir='ltr'>Scriptum</span> <span class='ocrx_word' id='word_1_149' title='bbox 2201 1980 2234 2048; x_wconf 88' lang='lat' dir='ltr'>ei</span> <span class='ocrx_word' id='word_1_150' title='bbox 2249 1981 2352 2067; x_wconf 92' lang='lat' dir='ltr'>misi,</span> <span class='ocrx_word' id='word_1_151' title='bbox 2371 1987 2467 2077; x_wconf 90' lang='lat' dir='ltr'>quod</span> 
     </span>
     <span class='ocr_line' id='line_1_22' title="bbox 1475 2077 2466 2170; baseline 0.008 -22"><span class='ocrx_word' id='word_1_152' title='bbox 1475 2077 1507 2148; x_wconf 88' lang='lat' dir='ltr'>si</span> <span class='ocrx_word' id='word_1_153' title='bbox 1521 2078 1669 2167; x_wconf 87' lang='lat' dir='ltr'>legeres,</span> <span class='ocrx_word' id='word_1_154' title='bbox 1695 2079 1929 2170; x_wconf 88' lang='lat' dir='ltr'>probaturum</span> <span class='ocrx_word' id='word_1_155' title='bbox 1946 2092 1980 2147; x_wconf 91' lang='lat' dir='ltr'>te</span> <span class='ocrx_word' id='word_1_156' title='bbox 1996 2102 2068 2148; x_wconf 86' lang='lat' dir='ltr'>esse</span> <span class='ocrx_word' id='word_1_157' title='bbox 2083 2081 2292 2151; x_wconf 89' lang='lat' dir='ltr'>arbitrarer:</span> <span class='ocrx_word' id='word_1_158' title='bbox 2327 2084 2389 2153; x_wconf 92' lang='lat' dir='ltr'>ille</span> <span class='ocrx_word' id='word_1_159' title='bbox 2409 2111 2466 2156; x_wconf 89' lang='lat' dir='ltr'>re-</span> 
     </span>
     <span class='ocr_line' id='line_1_23' title="bbox 1475 2174 2466 2274; baseline 0.006 -23"><span class='ocrx_word' id='word_1_160' title='bbox 1475 2179 1587 2274; x_wconf 90' lang='lat' dir='ltr'>quirit</span> <span class='ocrx_word' id='word_1_161' title='bbox 1601 2179 1760 2268; x_wconf 88' lang='lat' dir='ltr'>longius,</span> <span class='ocrx_word' id='word_1_162' title='bbox 1792 2180 1892 2272; x_wconf 87' lang='lat' dir='ltr'>quasi</span> <span class='ocrx_word' id='word_1_163' title='bbox 1905 2174 1990 2248; x_wconf 89' lang='lat' dir='ltr'>haec</span> <span class='ocrx_word' id='word_1_164' title='bbox 2007 2182 2108 2250; x_wconf 91' lang='lat' dir='ltr'>nobis</span> <span class='ocrx_word' id='word_1_165' title='bbox 2125 2184 2243 2254; x_wconf 89' lang='lat' dir='ltr'>subito</span> <span class='ocrx_word' id='word_1_166' title='bbox 2268 2202 2466 2257; x_wconf 84' lang='lat' dir='ltr'>nascautur.</span> 
     </span>
    </p>
   </div>
   <div class='ocr_carea' id='block_1_9' title="bbox 435 2248 2467 2576">
    <p class='ocr_par' dir='ltr' id='par_1_16' title="bbox 435 2248 2467 2576">
     <span class='ocr_line' id='line_1_24' title="bbox 435 2248 2465 2376; baseline 0.01 -39"><span class='ocrx_word' id='word_1_167' title='bbox 435 2248 481 2337; x_wconf 77' lang='lat' dir='ltr'>S·</span> <span class='ocrx_word' id='word_1_168' title='bbox 506 2265 552 2340; x_wconf 90' lang='lat' dir='ltr'>D.</span> <span class='ocrx_word' id='word_1_169' title='bbox 608 2260 657 2334; x_wconf 80' lang='lat' dir='ltr'>Et</span> <span class='ocrx_word' id='word_1_170' title='bbox 678 2262 762 2348; x_wconf 89' lang='lat' dir='ltr'>tibi,</span> <span class='ocrx_word' id='word_1_171' title='bbox 799 2276 832 2334; x_wconf 87' lang='lat' dir='ltr'>et</span> <span class='ocrx_word' id='word_1_172' title='bbox 857 2258 1124 2334; x_wconf 80' lang='lat' dir='ltr'>honestissimae</span> <span class='ocrx_word' id='word_1_173' title='bbox 1148 2288 1186 2333; x_wconf 91' lang='lat' dir='ltr'>ac</span> <span class='ocrx_word' id='word_1_174' title='bbox 1208 2262 1429 2331; x_wconf 84' lang='lat' dir='ltr'>dulcissimae</span> <span class='ocrx_word' id='word_1_175' title='bbox 1476 2280 1674 2351; x_wconf 63' lang='lat' dir='ltr'>scriberem</span> <span class='ocrx_word' id='word_1_176' title='bbox 1700 2281 1890 2372; x_wconf 70' lang='lat' dir='ltr'>prolixius,</span> <span class='ocrx_word' id='word_1_177' title='bbox 1922 2282 1989 2348; x_wconf 83' lang='lat' dir='ltr'>nisi</span> <span class='ocrx_word' id='word_1_178' title='bbox 2010 2282 2186 2370; x_wconf 87' lang='lat' dir='ltr'>flagitator</span> <span class='ocrx_word' id='word_1_179' title='bbox 2206 2283 2388 2376; x_wconf 84' lang='lat' dir='ltr'>Epistulae</span> <span class='ocrx_word' id='word_1_180' title='bbox 2409 2289 2465 2357; x_wconf 88' lang='lat' dir='ltr'>in-</span> 
     </span>
     <span class='ocr_line' id='line_1_25' title="bbox 438 2365 2466 2471; baseline 0 -12"><span class='ocrx_word' id='word_1_181' title='bbox 438 2367 580 2458; x_wconf 63' lang='lat' dir='ltr'>⁰⁰¹¹l¹¹lil</span> <span class='ocrx_word' id='word_1_182' title='bbox 601 2380 702 2450; x_wconf 62' lang='lat' dir='ltr'>illae,</span> <span class='ocrx_word' id='word_1_183' title='bbox 740 2365 861 2434; x_wconf 69' lang='lat' dir='ltr'>⁰¹¹¹¹¹l³</span> <span class='ocrx_word' id='word_1_184' title='bbox 883 2367 997 2435; x_wconf 62' lang='lat' dir='ltr'>fausta</span> <span class='ocrx_word' id='word_1_185' title='bbox 1018 2380 1052 2435; x_wconf 70' lang='lat'>0¹</span> <span class='ocrx_word' id='word_1_186' title='bbox 1074 2365 1163 2435; x_wconf 64' lang='lat' dir='ltr'>laeta</span> <span class='ocrx_word' id='word_1_187' title='bbox 1189 2378 1292 2455; x_wconf 67' lang='lat'><strong>⁰9¹0,</strong></span> <span class='ocrx_word' id='word_1_188' title='bbox 1331 2376 1363 2431; x_wconf 60' lang='grc' dir='ltr'>Εἴ</span> <span class='ocrx_word' id='word_1_189' title='bbox 1390 2375 1430 2433; x_wconf 66' lang='grc' dir='ltr'>ὓῑ</span> <span class='ocrx_word' id='word_1_190' title='bbox 1476 2382 1758 2471; x_wconf 86' lang='lat' dir='ltr'>terpellaretme.</span> <span class='ocrx_word' id='word_1_191' title='bbox 1803 2379 1907 2450; x_wconf 62' lang='lat' dir='ltr'>⁴Bene</span> <span class='ocrx_word' id='word_1_192' title='bbox 1922 2395 1957 2452; x_wconf 91' lang='lat' dir='ltr'>et</span> <span class='ocrx_word' id='word_1_193' title='bbox 1969 2382 2120 2453; x_wconf 86' lang='lat' dir='ltr'>feliciter</span> <span class='ocrx_word' id='word_1_194' title='bbox 2134 2386 2229 2467; x_wconf 87' lang='lat' dir='ltr'>vale,</span> <span class='ocrx_word' id='word_1_195' title='bbox 2254 2412 2334 2455; x_wconf 91' lang='lat' dir='ltr'>cnm</span> <span class='ocrx_word' id='word_1_196' title='bbox 2355 2385 2466 2459; x_wconf 91' lang='lat' dir='ltr'>hone-</span> 
     </span>
     <span class='ocr_line' id='line_1_26' title="bbox 438 2466 2467 2576; baseline -0.004 -39"><span class='ocrx_word' id='word_1_197' title='bbox 438 2484 561 2539; x_wconf 91' lang='lat' dir='ltr'>mntua</span> <span class='ocrx_word' id='word_1_198' title='bbox 595 2467 766 2538; x_wconf 88' lang='lat' dir='ltr'>suavitate</span> <span class='ocrx_word' id='word_1_199' title='bbox 799 2466 984 2537; x_wconf 84' lang='lat' dir='ltr'>fruamini:</span> <span class='ocrx_word' id='word_1_200' title='bbox 1026 2480 1178 2536; x_wconf 86' lang='lat' dir='ltr'>caeteras</span> <span class='ocrx_word' id='word_1_201' title='bbox 1205 2488 1306 2535; x_wconf 90' lang='lat' dir='ltr'>curas</span> <span class='ocrx_word' id='word_1_202' title='bbox 1331 2487 1429 2532; x_wconf 89' lang='lat' dir='ltr'>nnnc</span> <span class='ocrx_word' id='word_1_203' title='bbox 1475 2483 1566 2557; x_wconf 51' lang='grc' dir='ltr'>δὼς,</span> <span class='ocrx_word' id='word_1_204' title='bbox 1589 2495 1625 2553; x_wconf 62' lang='lat' dir='ltr'>et</span> <span class='ocrx_word' id='word_1_205' title='bbox 1647 2482 1789 2556; x_wconf 59' lang='lat' dir='ltr'><strong>dulcis„</strong></span> <span class='ocrx_word' id='word_1_206' title='bbox 1813 2485 1961 2574; x_wconf 57' lang='lat' dir='ltr'>coniuge</span> <span class='ocrx_word' id='word_1_207' title='bbox 1981 2497 2015 2553; x_wconf 60' lang='lat' dir='ltr'>eg</span> <span class='ocrx_word' id='word_1_208' title='bbox 2037 2484 2182 2558; x_wconf 43' lang='lat' dir='ltr'>suavis&amp;</span> <span class='ocrx_word' id='word_1_209' title='bbox 2200 2487 2332 2561; x_wconf 40' lang='lat' dir='ltr'><strong>liberis,</strong></span> <span class='ocrx_word' id='word_1_210' title='bbox 2389 2488 2467 2576; x_wconf 51' lang='lat' dir='ltr'>Die,</span> 
     </span>
    </p>
   </div>
   <div class='ocr_carea' id='block_1_10' title="bbox 437 2565 2468 2781">
    <p class='ocr_par' dir='ltr' id='par_1_17' title="bbox 437 2565 2468 2781">
     <span class='ocr_line' id='line_1_27' title="bbox 438 2565 2467 2679; baseline 0.003 -26"><span class='ocrx_word' id='word_1_211' title='bbox 438 2571 582 2662; x_wconf 66' lang='lat' dir='ltr'>quidem</span> <span class='ocrx_word' id='word_1_212' title='bbox 605 2568 714 2635; x_wconf 65' lang='lat' dir='ltr'>velim</span> <span class='ocrx_word' id='word_1_213' title='bbox 737 2582 771 2637; x_wconf 70' lang='lat'>¹0</span> <span class='ocrx_word' id='word_1_214' title='bbox 795 2567 984 2658; x_wconf 56' lang='lat' dir='ltr'>deffluere·</span> <span class='ocrx_word' id='word_1_215' title='bbox 1042 2565 1115 2637; x_wconf 65' lang='lat' dir='ltr'>Nec</span> <span class='ocrx_word' id='word_1_216' title='bbox 1131 2566 1257 2651; x_wconf 55' lang='lat' dir='ltr'>Vlliffls</span> <span class='ocrx_word' id='word_1_217' title='bbox 1290 2579 1324 2637; x_wconf 67' lang='grc' dir='ltr'>ῑθ</span> <span class='ocrx_word' id='word_1_218' title='bbox 1343 2588 1429 2642; x_wconf 76' lang='lat'>⁶⁰¹¹·</span> <span class='ocrx_word' id='word_1_219' title='bbox 1476 2607 1546 2679; x_wconf 93' lang='lat' dir='ltr'>quo</span> <span class='ocrx_word' id='word_1_220' title='bbox 1562 2580 1765 2654; x_wconf 81' lang='lat' dir='ltr'>Alexander</span> <span class='ocrx_word' id='word_1_221' title='bbox 1780 2582 1928 2655; x_wconf 88' lang='lat' dir='ltr'>Macedo</span> <span class='ocrx_word' id='word_1_222' title='bbox 1947 2598 2030 2654; x_wconf 89' lang='lat' dir='ltr'>ante</span> <span class='ocrx_word' id='word_1_223' title='bbox 2046 2609 2159 2656; x_wconf 88' lang='lat' dir='ltr'>annos</span> <span class='ocrx_word' id='word_1_224' title='bbox 2182 2584 2277 2658; x_wconf 75' lang='lat'><strong>1868</strong></span> <span class='ocrx_word' id='word_1_225' title='bbox 2303 2608 2467 2662; x_wconf 90' lang='lat' dir='ltr'>mortuus</span> 
     </span>
     <span class='ocr_line' id='line_1_28' title="bbox 437 2665 2468 2781; baseline 0 -21"><span class='ocrx_word' id='word_1_226' title='bbox 437 2667 1232 2761; x_wconf 60' lang='lat' dir='ltr'>iugem⁸¹¹bi¹⁰²¹d⁰m⁰P³²0ffl³³bd¹¹ffl⁰·</span> <span class='ocrx_word' id='word_1_227' title='bbox 1275 2665 1429 2737; x_wconf 61' lang='lat' dir='ltr'>Memini</span> <span class='ocrx_word' id='word_1_228' title='bbox 1476 2697 1546 2772; x_wconf 87' lang='lat' dir='ltr'>est,</span> <span class='ocrx_word' id='word_1_229' title='bbox 1579 2686 1643 2778; x_wconf 91' lang='lat' dir='ltr'>qui</span> <span class='ocrx_word' id='word_1_230' title='bbox 1667 2686 1799 2776; x_wconf 87' lang='lat' dir='ltr'>etipse</span> <span class='ocrx_word' id='word_1_231' title='bbox 1822 2685 2052 2774; x_wconf 89' lang='lat' dir='ltr'>insignefuit</span> <span class='ocrx_word' id='word_1_232' title='bbox 2075 2683 2468 2781; x_wconf 80' lang='lat' dir='ltr'>exemplninhnmanae</span> 
     </span>
    </p>
   </div>
   <div class='ocr_carea' id='block_1_11' title="bbox 438 2767 2468 2877">
    <p class='ocr_par' dir='ltr' id='par_1_18' title="bbox 438 2767 2468 2877">
     <span class='ocr_line' id='line_1_29' title="bbox 438 2767 2468 2877; baseline 0 -15"><span class='ocrx_word' id='word_1_233' title='bbox 438 2793 557 2841; x_wconf 60' lang='lat' dir='ltr'>meum</span> <span class='ocrx_word' id='word_1_234' title='bbox 574 2770 611 2837; x_wconf 58' lang='lat'>5¹¹</span> <span class='ocrx_word' id='word_1_235' title='bbox 629 2792 668 2838; x_wconf 69' lang='lat'>¹⁸⁰</span> <span class='ocrx_word' id='word_1_236' title='bbox 684 2768 793 2836; x_wconf 63' lang='grc' dir='ltr'>3Ῑωίιὶ</span> <span class='ocrx_word' id='word_1_237' title='bbox 806 2768 985 2852; x_wconf 72' lang='lat' dir='ltr'>d⁰¹⁰¹⁰¹¹¹²</span> <span class='ocrx_word' id='word_1_238' title='bbox 1006 2782 1040 2839; x_wconf 64' lang='lat' dir='ltr'>‘l</span> <span class='ocrx_word' id='word_1_239' title='bbox 1054 2791 1151 2838; x_wconf 70' lang='lat'><strong>”¹¹⁰⁰</strong></span> <span class='ocrx_word' id='word_1_240' title='bbox 1165 2792 1243 2838; x_wconf 60' lang='lat'>&#39;¹¹⁶³</span> <span class='ocrx_word' id='word_1_241' title='bbox 1257 2767 1328 2837; x_wconf 66' lang='lat' dir='ltr'>filla</span> <span class='ocrx_word' id='word_1_242' title='bbox 1346 2792 1430 2859; x_wconf 72' lang='lat' dir='ltr'><strong>Ps0·</strong></span> <span class='ocrx_word' id='word_1_243' title='bbox 1475 2786 1690 2875; x_wconf 84' lang='lat' dir='ltr'>fragilitatis:</span> <span class='ocrx_word' id='word_1_244' title='bbox 1711 2786 1866 2857; x_wconf 86' lang='lat' dir='ltr'>ieramus</span> <span class='ocrx_word' id='word_1_245' title='bbox 1879 2787 2034 2877; x_wconf 85' lang='lat' dir='ltr'>igituret</span> <span class='ocrx_word' id='word_1_246' title='bbox 2046 2789 2202 2859; x_wconf 83' lang='lat' dir='ltr'>miserias</span> <span class='ocrx_word' id='word_1_247' title='bbox 2215 2806 2363 2866; x_wconf 85' lang='lat' dir='ltr'>nostras.</span> <span class='ocrx_word' id='word_1_248' title='bbox 2388 2790 2468 2862; x_wconf 87' lang='lat' dir='ltr'>Ad-</span> 
     </span>
    </p>
   </div>
   <div class='ocr_carea' id='block_1_12' title="bbox 337 5004 620 5036">
    <p class='ocr_par' dir='ltr' id='par_1_19' title="bbox 337 5004 620 5036">
     <span class='ocr_line' id='line_1_30' title="bbox 337 5004 620 5036; baseline -0.018 -1"><span class='ocrx_word' id='word_1_249' title='bbox 337 5013 340 5017; x_wconf 91' lang='lat'>&#39;</span> <span class='ocrx_word' id='word_1_250' title='bbox 449 5004 620 5036; x_wconf 51' lang='lat' dir='ltr'><em>W</em></span> 
     </span>
    </p>
   </div>
   <div class='ocr_carea' id='block_1_13' title="bbox 438 2863 1428 2961">
    <p class='ocr_par' dir='ltr' id='par_1_20' title="bbox 438 2863 1428 2961">
     <span class='ocr_line' id='line_1_31' title="bbox 438 2863 1428 2961; baseline -0.008 -17"><span class='ocrx_word' id='word_1_251' title='bbox 438 2873 496 2944; x_wconf 87' lang='lat' dir='ltr'>cul</span> <span class='ocrx_word' id='word_1_252' title='bbox 513 2873 558 2941; x_wconf 91' lang='lat' dir='ltr'>ad</span> <span class='ocrx_word' id='word_1_253' title='bbox 574 2872 674 2941; x_wconf 91' lang='lat' dir='ltr'>littus</span> <span class='ocrx_word' id='word_1_254' title='bbox 688 2863 891 2938; x_wconf 90' lang='lat' dir='ltr'>Balthicum</span> <span class='ocrx_word' id='word_1_255' title='bbox 908 2870 1107 2943; x_wconf 87' lang='lat' dir='ltr'>abducitur.</span> <span class='ocrx_word' id='word_1_256' title='bbox 1147 2867 1202 2939; x_wconf 90' lang='lat' dir='ltr'>De</span> <span class='ocrx_word' id='word_1_257' title='bbox 1218 2871 1325 2940; x_wconf 92' lang='lat' dir='ltr'>domo</span> <span class='ocrx_word' id='word_1_258' title='bbox 1342 2869 1428 2961; x_wconf 91' lang='lat' dir='ltr'>quid</span> 
     </span>
    </p>
   </div>
   <div class='ocr_carea' id='block_1_14' title="bbox 440 2962 1524 3063">
    <p class='ocr_par' dir='ltr' id='par_1_21' title="bbox 440 2962 1524 3063">
     <span class='ocr_line' id='line_1_32' title="bbox 440 2962 1524 3063; baseline -0.006 -21"><span class='ocrx_word' id='word_1_259' title='bbox 440 2968 552 3044; x_wconf 79' lang='lat' dir='ltr'>vidua</span> <span class='ocrx_word' id='word_1_260' title='bbox 574 2962 847 3040; x_wconf 79' lang='lat' dir='ltr'>Teuscltcliana</span> <span class='ocrx_word' id='word_1_261' title='bbox 871 2970 1111 3060; x_wconf 90' lang='lat' dir='ltr'>responderit,</span> <span class='ocrx_word' id='word_1_262' title='bbox 1154 2968 1279 3063; x_wconf 87' lang='lat' dir='ltr'>scripsi</span> <span class='ocrx_word' id='word_1_263' title='bbox 1303 2970 1342 3039; x_wconf 93' lang='lat' dir='ltr'>in</span> <span class='ocrx_word' id='word_1_264' title='bbox 1367 2993 1431 3060; x_wconf 90' lang='lat' dir='ltr'>pa·</span> <span class='ocrx_word' id='word_1_265' title='bbox 1520 3003 1524 3009; x_wconf 89' lang='lat'><em>·</em></span> 
     </span>
    </p>
   </div>
   <div class='ocr_carea' id='block_1_15' title="bbox 350 3067 1434 4685">
    <p class='ocr_par' dir='ltr' id='par_1_22' title="bbox 350 3067 1434 4685">
     <span class='ocr_line' id='line_1_33' title="bbox 437 3067 1430 3164; baseline -0.005 -22"><span class='ocrx_word' id='word_1_266' title='bbox 437 3075 528 3164; x_wconf 86' lang='lat' dir='ltr'>gella</span> <span class='ocrx_word' id='word_1_267' title='bbox 554 3067 610 3140; x_wconf 92' lang='lat' dir='ltr'>his</span> <span class='ocrx_word' id='word_1_268' title='bbox 631 3072 743 3142; x_wconf 90' lang='lat' dir='ltr'>literis</span> <span class='ocrx_word' id='word_1_269' title='bbox 763 3070 891 3146; x_wconf 85' lang='lat' dir='ltr'>addita¹</span> <span class='ocrx_word' id='word_1_270' title='bbox 907 3071 1120 3161; x_wconf 83' lang='lat' dir='ltr'>germanice,</span> <span class='ocrx_word' id='word_1_271' title='bbox 1147 3086 1187 3141; x_wconf 92' lang='lat' dir='ltr'>ut</span> <span class='ocrx_word' id='word_1_272' title='bbox 1203 3071 1345 3141; x_wconf 80' lang='lat' dir='ltr'>madieri</span> <span class='ocrx_word' id='word_1_273' title='bbox 1362 3071 1430 3162; x_wconf 89' lang='lat' dir='ltr'>ipsi</span> 
     </span>
     <span class='ocr_line' id='line_1_34' title="bbox 416 3170 1430 3264; baseline -0.005 -19"><span class='ocrx_word' id='word_1_274' title='bbox 416 3170 718 3245; x_wconf 66' lang='lat' dir='ltr'>‘Teuschelianae</span> <span class='ocrx_word' id='word_1_275' title='bbox 739 3172 810 3261; x_wconf 91' lang='lat' dir='ltr'>legi</span> <span class='ocrx_word' id='word_1_276' title='bbox 833 3174 962 3264; x_wconf 83' lang='lat' dir='ltr'>possit,</span> <span class='ocrx_word' id='word_1_277' title='bbox 1001 3171 1033 3246; x_wconf 87' lang='lat' dir='ltr'>si</span> <span class='ocrx_word' id='word_1_278' title='bbox 1052 3173 1097 3244; x_wconf 87' lang='lat' dir='ltr'>sit</span> <span class='ocrx_word' id='word_1_279' title='bbox 1121 3195 1219 3264; x_wconf 85' lang='lat' dir='ltr'>opus.</span> <span class='ocrx_word' id='word_1_280' title='bbox 1283 3170 1430 3243; x_wconf 82' lang='lat' dir='ltr'>Fatetur</span> 
     </span>
     <span class='ocr_line' id='line_1_35' title="bbox 438 3267 1431 3368; baseline -0.003 -23"><span class='ocrx_word' id='word_1_281' title='bbox 438 3279 533 3368; x_wconf 90' lang='lat' dir='ltr'>ipsa,</span> <span class='ocrx_word' id='word_1_282' title='bbox 559 3298 594 3342; x_wconf 91' lang='lat' dir='ltr'>se</span> <span class='ocrx_word' id='word_1_283' title='bbox 609 3274 810 3365; x_wconf 86' lang='lat' dir='ltr'>promisisse</span> <span class='ocrx_word' id='word_1_284' title='bbox 827 3267 1088 3343; x_wconf 89' lang='lat' dir='ltr'>Stammeriae:</span> <span class='ocrx_word' id='word_1_285' title='bbox 1114 3287 1149 3345; x_wconf 91' lang='lat' dir='ltr'>et</span> <span class='ocrx_word' id='word_1_286' title='bbox 1166 3297 1262 3345; x_wconf 90' lang='lat' dir='ltr'>nunc</span> <span class='ocrx_word' id='word_1_287' title='bbox 1278 3272 1330 3343; x_wconf 91' lang='lat' dir='ltr'>ibi</span> <span class='ocrx_word' id='word_1_288' title='bbox 1347 3285 1431 3343; x_wconf 90' lang='lat' dir='ltr'>sunt</span> 
     </span>
     <span class='ocr_line' id='line_1_36' title="bbox 350 3373 1429 3469; baseline -0.004 -23"><span class='ocrx_word' id='word_1_289' title='bbox 350 3377 353 3382; x_wconf 80' lang='grc'><strong>’</strong></span> <span class='ocrx_word' id='word_1_290' title='bbox 438 3373 619 3469; x_wconf 79' lang='grc' dir='ltr'><strong><em>μέτοικοι,</em></strong></span> <span class='ocrx_word' id='word_1_291' title='bbox 661 3398 750 3468; x_wconf 88' lang='lat' dir='ltr'>quos</span> <span class='ocrx_word' id='word_1_292' title='bbox 773 3373 946 3464; x_wconf 78' lang='lat' dir='ltr'>expellere</span> <span class='ocrx_word' id='word_1_293' title='bbox 967 3374 1110 3447; x_wconf 83' lang='lat' dir='ltr'>difficile</span> <span class='ocrx_word' id='word_1_294' title='bbox 1131 3387 1195 3451; x_wconf 89' lang='lat' dir='ltr'>est.</span> <span class='ocrx_word' id='word_1_295' title='bbox 1260 3373 1429 3461; x_wconf 83' lang='lat' dir='ltr'>Misimus</span> 
     </span>
     <span class='ocr_line' id='line_1_37' title="bbox 440 3470 1429 3567; baseline -0.001 -21"><span class='ocrx_word' id='word_1_296' title='bbox 440 3478 550 3567; x_wconf 92' lang='lat' dir='ltr'>igitur</span> <span class='ocrx_word' id='word_1_297' title='bbox 566 3475 734 3545; x_wconf 90' lang='lat' dir='ltr'>nuntium</span> <span class='ocrx_word' id='word_1_298' title='bbox 748 3477 791 3543; x_wconf 90' lang='lat' dir='ltr'>ad</span> <span class='ocrx_word' id='word_1_299' title='bbox 806 3487 859 3561; x_wconf 90' lang='lat' dir='ltr'>te,</span> <span class='ocrx_word' id='word_1_300' title='bbox 880 3489 921 3547; x_wconf 90' lang='lat' dir='ltr'>ut</span> <span class='ocrx_word' id='word_1_301' title='bbox 934 3470 1021 3547; x_wconf 88' lang='lat' dir='ltr'>haec</span> <span class='ocrx_word' id='word_1_302' title='bbox 1034 3477 1160 3561; x_wconf 87' lang='lat' dir='ltr'>scires,</span> <span class='ocrx_word' id='word_1_303' title='bbox 1185 3500 1225 3548; x_wconf 86' lang='lat' dir='ltr'>ac</span> <span class='ocrx_word' id='word_1_304' title='bbox 1240 3476 1429 3548; x_wconf 89' lang='lat' dir='ltr'>consilium</span> 
     </span>
     <span class='ocr_line' id='line_1_38' title="bbox 440 3571 1430 3670; baseline 0 -25"><span class='ocrx_word' id='word_1_305' title='bbox 440 3601 560 3652; x_wconf 63' lang='lat' dir='ltr'>neum</span> <span class='ocrx_word' id='word_1_306' title='bbox 576 3590 648 3662; x_wconf 92' lang='lat' dir='ltr'>est,</span> <span class='ocrx_word' id='word_1_307' title='bbox 673 3600 719 3645; x_wconf 90' lang='lat' dir='ltr'>ne</span> <span class='ocrx_word' id='word_1_308' title='bbox 734 3571 939 3647; x_wconf 88' lang='lat' dir='ltr'>transvebas</span> <span class='ocrx_word' id='word_1_309' title='bbox 953 3591 1016 3648; x_wconf 90' lang='lat' dir='ltr'>aut</span> <span class='ocrx_word' id='word_1_310' title='bbox 1028 3577 1232 3668; x_wconf 88' lang='lat' dir='ltr'>coniugem,</span> <span class='ocrx_word' id='word_1_311' title='bbox 1265 3591 1328 3649; x_wconf 89' lang='lat' dir='ltr'>aut</span> <span class='ocrx_word' id='word_1_312' title='bbox 1344 3601 1430 3670; x_wconf 83' lang='lat' dir='ltr'>sup·</span> 
     </span>
     <span class='ocr_line' id='line_1_39' title="bbox 440 3673 1429 3778; baseline -0.001 -30"><span class='ocrx_word' id='word_1_313' title='bbox 440 3678 672 3773; x_wconf 85' lang='lat' dir='ltr'>pellectilem,</span> <span class='ocrx_word' id='word_1_314' title='bbox 700 3677 771 3747; x_wconf 88' lang='lat' dir='ltr'>nisi</span> <span class='ocrx_word' id='word_1_315' title='bbox 785 3677 884 3771; x_wconf 90' lang='lat' dir='ltr'>prius</span> <span class='ocrx_word' id='word_1_316' title='bbox 899 3690 1031 3752; x_wconf 78' lang='lat' dir='ltr'>certem</span> <span class='ocrx_word' id='word_1_317' title='bbox 1045 3679 1190 3749; x_wconf 89' lang='lat' dir='ltr'>domum</span> <span class='ocrx_word' id='word_1_318' title='bbox 1206 3673 1353 3778; x_wconf 80' lang='lat' dir='ltr'>habeas3</span> <span class='ocrx_word' id='word_1_319' title='bbox 1389 3703 1429 3748; x_wconf 90' lang='lat' dir='ltr'>ac</span> 
     </span>
     <span class='ocr_line' id='line_1_40' title="bbox 440 3774 1430 3873; baseline -0.002 -21"><span class='ocrx_word' id='word_1_320' title='bbox 440 3780 581 3852; x_wconf 92' lang='lat' dir='ltr'>minore</span> <span class='ocrx_word' id='word_1_321' title='bbox 601 3792 722 3850; x_wconf 89' lang='lat' dir='ltr'>sumtu</span> <span class='ocrx_word' id='word_1_322' title='bbox 740 3782 834 3872; x_wconf 92' lang='lat' dir='ltr'>apud</span> <span class='ocrx_word' id='word_1_323' title='bbox 856 3793 1019 3872; x_wconf 88' lang='lat' dir='ltr'>parentes</span> <span class='ocrx_word' id='word_1_324' title='bbox 1040 3774 1107 3851; x_wconf 91' lang='lat' dir='ltr'>hac</span> <span class='ocrx_word' id='word_1_325' title='bbox 1125 3793 1255 3851; x_wconf 87' lang='lat' dir='ltr'>aestate</span> <span class='ocrx_word' id='word_1_326' title='bbox 1276 3803 1349 3851; x_wconf 89' lang='lat' dir='ltr'>esse</span> <span class='ocrx_word' id='word_1_327' title='bbox 1364 3804 1430 3873; x_wconf 92' lang='lat' dir='ltr'>po-</span> 
     </span>
     <span class='ocr_line' id='line_1_41' title="bbox 441 3877 1431 3978; baseline -0.005 -22"><span class='ocrx_word' id='word_1_328' title='bbox 441 3884 536 3956; x_wconf 88' lang='lat' dir='ltr'>teris.</span> <span class='ocrx_word' id='word_1_329' title='bbox 586 3880 706 3951; x_wconf 90' lang='lat' dir='ltr'>Velim</span> <span class='ocrx_word' id='word_1_330' title='bbox 722 3877 814 3978; x_wconf 90' lang='lat' dir='ltr'>mihi</span> <span class='ocrx_word' id='word_1_331' title='bbox 830 3882 1024 3973; x_wconf 88' lang='lat' dir='ltr'>significes,</span> <span class='ocrx_word' id='word_1_332' title='bbox 1048 3906 1094 3952; x_wconf 89' lang='lat' dir='ltr'>an</span> <span class='ocrx_word' id='word_1_333' title='bbox 1114 3882 1323 3978; x_wconf 54' lang='lat' dir='ltr'>acceperis„</span> <span class='ocrx_word' id='word_1_334' title='bbox 1341 3904 1431 3978; x_wconf 89' lang='lat' dir='ltr'>quos</span> 
     </span>
     <span class='ocr_line' id='line_1_42' title="bbox 440 3975 1431 4078; baseline -0.004 -24"><span class='ocrx_word' id='word_1_335' title='bbox 440 3984 524 4054; x_wconf 92' lang='lat' dir='ltr'>misi</span> <span class='ocrx_word' id='word_1_336' title='bbox 539 4007 559 4053; x_wconf 86' lang='lat' dir='ltr'>a</span> <span class='ocrx_word' id='word_1_337' title='bbox 575 3977 720 4051; x_wconf 84' lang='lat' dir='ltr'>Ioanne</span> <span class='ocrx_word' id='word_1_338' title='bbox 733 3975 867 4053; x_wconf 66' lang='lat' dir='ltr'>Rham</span> <span class='ocrx_word' id='word_1_339' title='bbox 886 3984 1020 4056; x_wconf 89' lang='lat' dir='ltr'>solutos</span> <span class='ocrx_word' id='word_1_340' title='bbox 1043 3983 1171 4074; x_wconf 87' lang='lat' dir='ltr'>viginti</span> <span class='ocrx_word' id='word_1_341' title='bbox 1192 4006 1336 4070; x_wconf 87' lang='lat' dir='ltr'>aureos,</span> <span class='ocrx_word' id='word_1_342' title='bbox 1368 3982 1431 4078; x_wconf 85' lang='lat' dir='ltr'>qui</span> 
     </span>
     <span class='ocr_line' id='line_1_43' title="bbox 441 4083 1431 4180; baseline -0.003 -24"><span class='ocrx_word' id='word_1_343' title='bbox 441 4086 662 4157; x_wconf 88' lang='lat' dir='ltr'>debebantur</span> <span class='ocrx_word' id='word_1_344' title='bbox 683 4083 750 4154; x_wconf 92' lang='lat' dir='ltr'>tibi</span> <span class='ocrx_word' id='word_1_345' title='bbox 771 4086 816 4155; x_wconf 92' lang='lat' dir='ltr'>ab</span> <span class='ocrx_word' id='word_1_346' title='bbox 839 4083 1028 4155; x_wconf 88' lang='lat' dir='ltr'>Academia</span> <span class='ocrx_word' id='word_1_347' title='bbox 1048 4086 1209 4176; x_wconf 87' lang='lat' dir='ltr'>proximo</span> <span class='ocrx_word' id='word_1_348' title='bbox 1234 4083 1321 4156; x_wconf 90' lang='lat' dir='ltr'>anui</span> <span class='ocrx_word' id='word_1_349' title='bbox 1343 4108 1431 4180; x_wconf 91' lang='lat' dir='ltr'>qua-</span> 
     </span>
     <span class='ocr_line' id='line_1_44' title="bbox 431 4182 1431 4280; baseline -0.004 -21"><span class='ocrx_word' id='word_1_350' title='bbox 431 4192 577 4259; x_wconf 88' lang='lat' dir='ltr'>drante.</span> <span class='ocrx_word' id='word_1_351' title='bbox 625 4183 724 4255; x_wconf 87' lang='lat' dir='ltr'>Bene</span> <span class='ocrx_word' id='word_1_352' title='bbox 740 4201 775 4258; x_wconf 87' lang='lat' dir='ltr'>et</span> <span class='ocrx_word' id='word_1_353' title='bbox 789 4186 938 4258; x_wconf 86' lang='lat' dir='ltr'>feliciter</span> <span class='ocrx_word' id='word_1_354' title='bbox 952 4187 1040 4259; x_wconf 84' lang='lat' dir='ltr'>vale.</span> <span class='ocrx_word' id='word_1_355' title='bbox 1067 4187 1124 4255; x_wconf 91' lang='lat' dir='ltr'>die</span> <span class='ocrx_word' id='word_1_356' title='bbox 1140 4184 1202 4259; x_wconf 77' lang='lat'>27.</span> <span class='ocrx_word' id='word_1_357' title='bbox 1217 4182 1333 4266; x_wconf 90' lang='lat' dir='ltr'>Iunii,</span> <span class='ocrx_word' id='word_1_358' title='bbox 1360 4209 1431 4280; x_wconf 89' lang='lat' dir='ltr'>quo</span> 
     </span>
     <span class='ocr_line' id='line_1_45' title="bbox 441 4286 1434 4373; baseline -0.005 -12"><span class='ocrx_word' id='word_1_359' title='bbox 441 4289 642 4361; x_wconf 81' lang='lat' dir='ltr'>Alexander</span> <span class='ocrx_word' id='word_1_360' title='bbox 658 4286 808 4358; x_wconf 86' lang='lat' dir='ltr'>Macedo</span> <span class='ocrx_word' id='word_1_361' title='bbox 829 4303 911 4357; x_wconf 89' lang='lat' dir='ltr'>ante</span> <span class='ocrx_word' id='word_1_362' title='bbox 934 4311 1047 4358; x_wconf 87' lang='lat' dir='ltr'>annos</span> <span class='ocrx_word' id='word_1_363' title='bbox 1070 4287 1167 4360; x_wconf 78' lang='lat'><strong>1868</strong></span> <span class='ocrx_word' id='word_1_364' title='bbox 1189 4301 1352 4360; x_wconf 89' lang='lat' dir='ltr'>mortuus</span> <span class='ocrx_word' id='word_1_365' title='bbox 1371 4300 1434 4373; x_wconf 89' lang='lat' dir='ltr'>est,</span> 
     </span>
     <span class='ocr_line' id='line_1_46' title="bbox 441 4384 1434 4485; baseline -0.001 -25"><span class='ocrx_word' id='word_1_366' title='bbox 441 4392 504 4485; x_wconf 90' lang='lat' dir='ltr'>qui</span> <span class='ocrx_word' id='word_1_367' title='bbox 527 4390 631 4460; x_wconf 85' lang='lat' dir='ltr'>etiarn</span> <span class='ocrx_word' id='word_1_368' title='bbox 654 4389 792 4479; x_wconf 83' lang='lat' dir='ltr'>insigne</span> <span class='ocrx_word' id='word_1_369' title='bbox 813 4390 882 4461; x_wconf 87' lang='lat' dir='ltr'>suit</span> <span class='ocrx_word' id='word_1_370' title='bbox 903 4390 1102 4484; x_wconf 84' lang='lat' dir='ltr'>exemplum</span> <span class='ocrx_word' id='word_1_371' title='bbox 1120 4384 1296 4461; x_wconf 90' lang='lat' dir='ltr'>humanae</span> <span class='ocrx_word' id='word_1_372' title='bbox 1319 4390 1434 4459; x_wconf 87' lang='lat' dir='ltr'>imbe-</span> 
     </span>
     <span class='ocr_line' id='line_1_47' title="bbox 442 4489 1345 4584; baseline 0.003 -23"><span class='ocrx_word' id='word_1_373' title='bbox 442 4492 610 4564; x_wconf 87' lang='lat' dir='ltr'>cillitatis.</span> <span class='ocrx_word' id='word_1_374' title='bbox 664 4489 775 4565; x_wconf 76' lang='lat'><strong>1544.</strong></span> <span class='ocrx_word' id='word_1_375' title='bbox 1341 4569 1345 4584; x_wconf 37' lang='grc' dir='ltr'>ι</span> 
     </span>
     <span class='ocr_line' id='line_1_48' title="bbox 947 4587 1385 4685; baseline 0.002 -23"><span class='ocrx_word' id='word_1_376' title='bbox 947 4587 1137 4685; x_wconf 89' lang='lat' dir='ltr'>Philippus</span> <span class='ocrx_word' id='word_1_377' title='bbox 1158 4587 1385 4672; x_wconf 82' lang='lat' dir='ltr'>Melanthon.</span> 
     </span>
    </p>
   </div>
   <div class='ocr_carea' id='block_1_16' title="bbox 441 4903 1427 5032">
    <p class='ocr_par' dir='ltr' id='par_1_23' title="bbox 441 4903 1427 5032">
     <span class='ocr_line' id='line_1_49' title="bbox 441 4903 1410 4982; baseline -0.012 -1"><span class='ocrx_word' id='word_1_378' title='bbox 441 4910 509 4982; x_wconf 87' lang='lat' dir='ltr'>No.</span> <span class='ocrx_word' id='word_1_379' title='bbox 525 4906 639 4980; x_wconf 73' lang='lat'><strong>2974.</strong></span> <span class='ocrx_word' id='word_1_380' title='bbox 1271 4914 1329 4977; x_wconf 81' lang='lat'>27.</span> <span class='ocrx_word' id='word_1_381' title='bbox 1344 4903 1410 4971; x_wconf 77' lang='lat' dir='ltr'>lon</span> 
     </span>
     <span class='ocr_line' id='line_1_50' title="bbox 1254 4997 1427 5032; baseline 0 -4"><span class='ocrx_word' id='word_1_382' title='bbox 1254 4997 1427 5032; x_wconf 52' lang='grc' dir='ltr'>ων</span> 
     </span>
    </p>
   </div>
   <div class='ocr_carea' id='block_1_17' title="bbox 509 5084 1355 5308">
    <p class='ocr_par' dir='ltr' id='par_1_24' title="bbox 509 5084 1355 5308">
     <span class='ocr_line' id='line_1_51' title="bbox 714 5084 1155 5174; baseline -0.011 0"><span class='ocrx_word' id='word_1_383' title='bbox 714 5087 863 5174; x_wconf 77' lang='lat' dir='ltr'>laucis.</span> <span class='ocrx_word' id='word_1_384' title='bbox 900 5084 1155 5174; x_wconf 86' lang='lat' dir='ltr'>Camerario.</span> 
     </span>
     <span class='ocr_line' id='line_1_52' title="bbox 509 5230 1355 5308; baseline -0.002 -19"><span class='ocrx_word' id='word_1_385' title='bbox 509 5235 595 5308; x_wconf 84' lang='lat' dir='ltr'>Epist.</span> <span class='ocrx_word' id='word_1_386' title='bbox 609 5233 643 5288; x_wconf 83' lang='lat' dir='ltr'>sd</span> <span class='ocrx_word' id='word_1_387' title='bbox 656 5232 795 5289; x_wconf 84' lang='lat' dir='ltr'>Camersr.</span> <span class='ocrx_word' id='word_1_388' title='bbox 808 5251 836 5305; x_wconf 91' lang='lat' dir='ltr'>p.</span> <span class='ocrx_word' id='word_1_389' title='bbox 848 5232 898 5287; x_wconf 75' lang='lat'>471</span> <span class='ocrx_word' id='word_1_390' title='bbox 913 5251 956 5304; x_wconf 84' lang='lat' dir='ltr'>sq.</span> <span class='ocrx_word' id='word_1_391' title='bbox 974 5231 1029 5300; x_wconf 83' lang='lat' dir='ltr'>(ed.</span> <span class='ocrx_word' id='word_1_392' title='bbox 1043 5230 1132 5288; x_wconf 81' lang='lat' dir='ltr'>Laud.</span> <span class='ocrx_word' id='word_1_393' title='bbox 1146 5230 1195 5288; x_wconf 83' lang='lat' dir='ltr'>lV.</span> <span class='ocrx_word' id='word_1_394' title='bbox 1216 5249 1260 5304; x_wconf 85' lang='lat' dir='ltr'>ep.</span> <span class='ocrx_word' id='word_1_395' title='bbox 1273 5230 1355 5302; x_wconf 59' lang='lat' dir='ltr'>dih).</span> 
     </span>
    </p>
   </div>
   <div class='ocr_carea' id='block_1_18' title="bbox 442 5366 1436 5471">
    <p class='ocr_par' dir='ltr' id='par_1_25' title="bbox 442 5366 1436 5471">
     <span class='ocr_line' id='line_1_53' title="bbox 442 5366 1436 5471; baseline 0.001 -24"><span class='ocrx_word' id='word_1_396' title='bbox 442 5366 669 5447; x_wconf 85' lang='lat' dir='ltr'>Clarissimo</span> <span class='ocrx_word' id='word_1_397' title='bbox 692 5373 769 5445; x_wconf 77' lang='lat' dir='ltr'>ciro</span> <span class='ocrx_word' id='word_1_398' title='bbox 788 5367 990 5444; x_wconf 83' lang='lat' dir='ltr'>eruditione</span> <span class='ocrx_word' id='word_1_399' title='bbox 1014 5383 1046 5443; x_wconf 92' lang='lat' dir='ltr'>et</span> <span class='ocrx_word' id='word_1_400' title='bbox 1072 5372 1201 5444; x_wconf 74' lang='lat' dir='ltr'>virtute</span> <span class='ocrx_word' id='word_1_401' title='bbox 1223 5378 1436 5471; x_wconf 86' lang='lat' dir='ltr'>praestanti</span> 
     </span>
    </p>
   </div>
   <div class='ocr_carea' id='block_1_19' title="bbox 441 5469 1434 5678">
    <p class='ocr_par' dir='ltr' id='par_1_26' title="bbox 441 5469 1434 5678">
     <span class='ocr_line' id='line_1_54' title="bbox 441 5469 1434 5571; baseline -0.006 -16"><span class='ocrx_word' id='word_1_402' title='bbox 441 5477 468 5555; x_wconf 90' lang='grc' dir='ltr'><em>Ι</em></span> <span class='ocrx_word' id='word_1_403' title='bbox 476 5473 688 5550; x_wconf 73' lang='lat' dir='ltr'>oachimo</span> <span class='ocrx_word' id='word_1_404' title='bbox 721 5469 998 5548; x_wconf 81' lang='lat' dir='ltr'>Camerario</span> <span class='ocrx_word' id='word_1_405' title='bbox 1030 5470 1260 5571; x_wconf 72' lang='lat' dir='ltr'>Pubergensi</span> <span class='ocrx_word' id='word_1_406' title='bbox 1282 5472 1434 5549; x_wconf 80' lang='lat' dir='ltr'>Rectorc</span> 
     </span>
     <span class='ocr_line' id='line_1_55' title="bbox 575 5573 1297 5678; baseline 0 -29"><span class='ocrx_word' id='word_1_407' title='bbox 575 5574 692 5650; x_wconf 87' lang='lat' dir='ltr'>Acad.</span> <span class='ocrx_word' id='word_1_408' title='bbox 712 5573 905 5678; x_wconf 83' lang='lat' dir='ltr'>Lipsicae,</span> <span class='ocrx_word' id='word_1_409' title='bbox 937 5575 1057 5648; x_wconf 90' lang='lat' dir='ltr'>amico</span> <span class='ocrx_word' id='word_1_410' title='bbox 1079 5600 1147 5648; x_wconf 86' lang='lat' dir='ltr'>sao</span> <span class='ocrx_word' id='word_1_411' title='bbox 1169 5577 1297 5650; x_wconf 87' lang='lat' dir='ltr'>cariss.</span> 
     </span>
    </p>
   </div>
   <div class='ocr_carea' id='block_1_20' title="bbox 440 5690 1432 5787">
    <p class='ocr_par' dir='ltr' id='par_1_27' title="bbox 440 5690 1432 5787">
     <span class='ocr_line' id='line_1_56' title="bbox 440 5690 1432 5787; baseline 0.004 -4"><span class='ocrx_word' id='word_1_412' title='bbox 440 5690 485 5784; x_wconf 77' lang='lat' dir='ltr'>S.</span> <span class='ocrx_word' id='word_1_413' title='bbox 510 5710 554 5786; x_wconf 86' lang='lat' dir='ltr'>D.</span> <span class='ocrx_word' id='word_1_414' title='bbox 607 5712 762 5783; x_wconf 89' lang='lat' dir='ltr'>Memini</span> <span class='ocrx_word' id='word_1_415' title='bbox 777 5735 834 5779; x_wconf 87' lang='lat' dir='ltr'>me</span> <span class='ocrx_word' id='word_1_416' title='bbox 849 5712 917 5781; x_wconf 92' lang='lat' dir='ltr'>tibi</span> <span class='ocrx_word' id='word_1_417' title='bbox 935 5713 1019 5780; x_wconf 87' lang='lat' dir='ltr'>dare</span> <span class='ocrx_word' id='word_1_418' title='bbox 1037 5712 1234 5784; x_wconf 88' lang='lat' dir='ltr'>orationem</span> <span class='ocrx_word' id='word_1_419' title='bbox 1250 5712 1432 5787; x_wconf 89' lang='lat' dir='ltr'>Sarmatae</span> 
     </span>
    </p>
   </div>
   <div class='ocr_carea' id='block_1_21' title="bbox 440 5811 1498 5910">
    <p class='ocr_par' dir='ltr' id='par_1_28' title="bbox 440 5811 1498 5910">
     <span class='ocr_line' id='line_1_57' title="bbox 440 5811 1498 5910; baseline 0 -23"><span class='ocrx_word' id='word_1_420' title='bbox 440 5816 640 5901; x_wconf 89' lang='lat' dir='ltr'>cuiusdam,</span> <span class='ocrx_word' id='word_1_421' title='bbox 667 5839 774 5910; x_wconf 82' lang='lat' dir='ltr'>quam</span> <span class='ocrx_word' id='word_1_422' title='bbox 790 5811 881 5903; x_wconf 86' lang='lat' dir='ltr'>Regi</span> <span class='ocrx_word' id='word_1_423' title='bbox 897 5813 1093 5907; x_wconf 88' lang='lat' dir='ltr'>inscripsit,</span> <span class='ocrx_word' id='word_1_424' title='bbox 1118 5840 1157 5886; x_wconf 89' lang='lat' dir='ltr'>ac</span> <span class='ocrx_word' id='word_1_425' title='bbox 1175 5814 1236 5885; x_wconf 90' lang='lat' dir='ltr'>ille</span> <span class='ocrx_word' id='word_1_426' title='bbox 1252 5816 1327 5909; x_wconf 89' lang='lat' dir='ltr'>ipse</span> <span class='ocrx_word' id='word_1_427' title='bbox 1343 5818 1432 5890; x_wconf 89' lang='lat' dir='ltr'>alte-</span> <span class='ocrx_word' id='word_1_428' title='bbox 1494 5848 1498 5856; x_wconf 59' lang='lat'>¹</span> 
     </span>
    </p>
   </div>
   <div class='ocr_carea' id='block_1_22' title="bbox 1476 2884 2416 3085">
    <p class='ocr_par' dir='ltr' id='par_1_29' title="bbox 1476 2884 2416 3085">
     <span class='ocr_line' id='line_1_58' title="bbox 1476 2884 2345 2981; baseline 0.007 -25"><span class='ocrx_word' id='word_1_429' title='bbox 1476 2887 1554 2956; x_wconf 92' lang='lat' dir='ltr'>didi</span> <span class='ocrx_word' id='word_1_430' title='bbox 1569 2890 1658 2959; x_wconf 86' lang='lat' dir='ltr'>duas</span> <span class='ocrx_word' id='word_1_431' title='bbox 1673 2887 1855 2980; x_wconf 88' lang='lat' dir='ltr'>epistolas,</span> <span class='ocrx_word' id='word_1_432' title='bbox 1878 2913 1965 2981; x_wconf 87' lang='lat' dir='ltr'>quas</span> <span class='ocrx_word' id='word_1_433' title='bbox 1980 2884 2147 2960; x_wconf 88' lang='lat' dir='ltr'>Bornero</span> <span class='ocrx_word' id='word_1_434' title='bbox 2159 2892 2237 2960; x_wconf 88' lang='lat' dir='ltr'>dari</span> <span class='ocrx_word' id='word_1_435' title='bbox 2252 2894 2345 2963; x_wconf 83' lang='lat' dir='ltr'>volo.</span> 
     </span>
     <span class='ocr_line' id='line_1_59' title="bbox 2095 2985 2416 3085; baseline 0.003 -24"><span class='ocrx_word' id='word_1_436' title='bbox 2095 2985 2226 3085; x_wconf 84' lang='lat' dir='ltr'>Philip.</span> <span class='ocrx_word' id='word_1_437' title='bbox 2240 2989 2416 3063; x_wconf 83' lang='lat' dir='ltr'>blelanth.</span> 
     </span>
    </p>
   </div>
   <div class='ocr_carea' id='block_1_23' title="bbox 1488 3349 1687 3439">
    <p class='ocr_par' dir='ltr' id='par_1_30' title="bbox 1488 3349 1687 3439">
     <span class='ocr_line' id='line_1_60' title="bbox 1488 3349 1687 3439; baseline 0.03 -10"><span class='ocrx_word' id='word_1_438' title='bbox 1488 3349 1562 3433; x_wconf 65' lang='lat' dir='ltr'>Nos</span> <span class='ocrx_word' id='word_1_439' title='bbox 1571 3354 1687 3439; x_wconf 73' lang='grc'><strong>2975.</strong></span> 
     </span>
    </p>
   </div>
   <div class='ocr_carea' id='block_1_24' title="bbox 1481 3453 1695 3494">
    <p class='ocr_par' dir='ltr' id='par_1_31' title="bbox 1481 3453 1695 3494">
     <span class='ocr_line' id='line_1_61' title="bbox 1481 3453 1695 3494; baseline 0.023 -5"><span class='ocrx_word' id='word_1_440' title='bbox 1481 3453 1695 3494; x_wconf 51' lang='grc' dir='ltr'><strong><em>Μ</em></strong></span> 
     </span>
    </p>
   </div>
   <div class='ocr_carea' id='block_1_25' title="bbox 1682 3536 2261 3653">
    <p class='ocr_par' dir='ltr' id='par_1_32' title="bbox 1682 3536 2261 3653">
     <span class='ocr_line' id='line_1_62' title="bbox 1682 3536 2261 3653; baseline 0.012 -30"><span class='ocrx_word' id='word_1_441' title='bbox 1682 3538 1871 3652; x_wconf 83' lang='lat' dir='ltr'>Pegella</span> <span class='ocrx_word' id='word_1_442' title='bbox 1889 3542 2062 3652; x_wconf 82' lang='lat' dir='ltr'>publice</span> <span class='ocrx_word' id='word_1_443' title='bbox 2089 3536 2261 3653; x_wconf 72' lang='lat' dir='ltr'>affixo.</span> 
     </span>
    </p>
   </div>
   <div class='ocr_carea' id='block_1_26' title="bbox 1545 3663 2467 3909">
    <p class='ocr_par' dir='ltr' id='par_1_33' title="bbox 1545 3663 2467 3909">
     <span class='ocr_line' id='line_1_63' title="bbox 1545 3663 2467 3815; baseline 0.015 -67"><span class='ocrx_word' id='word_1_444' title='bbox 1545 3690 1644 3815; x_wconf 67' lang='lat' dir='ltr'>serpe</span> <span class='ocrx_word' id='word_1_445' title='bbox 1665 3695 1740 3766; x_wconf 77' lang='lat' dir='ltr'>pust.</span> <span class='ocrx_word' id='word_1_446' title='bbox 1761 3698 1848 3752; x_wconf 68' lang='lat' dir='ltr'>aaa.</span> <span class='ocrx_word' id='word_1_447' title='bbox 1870 3663 2030 3755; x_wconf 57' lang='lat' dir='ltr'>wittae.</span> <span class='ocrx_word' id='word_1_448' title='bbox 2044 3699 2063 3757; x_wconf 87' lang='lat'>1.</span> <span class='ocrx_word' id='word_1_449' title='bbox 2082 3721 2110 3774; x_wconf 76' lang='grc' dir='ltr'>ρ.</span> <span class='ocrx_word' id='word_1_450' title='bbox 2122 3702 2193 3759; x_wconf 76' lang='lat' dir='ltr'>aas.</span> <span class='ocrx_word' id='word_1_451' title='bbox 2210 3732 2247 3745; x_wconf 94' lang='lat'><em>-</em></span> <span class='ocrx_word' id='word_1_452' title='bbox 2287 3702 2344 3758; x_wconf 64' lang='lat' dir='ltr'>uasa</span> <span class='ocrx_word' id='word_1_453' title='bbox 2363 3710 2467 3780; x_wconf 57' lang='lat' dir='ltr'>egregae</span> 
     </span>
     <span class='ocr_line' id='line_1_64' title="bbox 1578 3761 2467 3909; baseline 0.02 -95"><span class='ocrx_word' id='word_1_454' title='bbox 1578 3761 2190 3909; x_wconf 52' lang='lat' dir='ltr'>{mloerulplapucop&#39;sgpillpuscbppelppplpioppuppprets</span> <span class='ocrx_word' id='word_1_455' title='bbox 2206 3784 2256 3828; x_wconf 86' lang='lat' dir='ltr'>est.</span> <span class='ocrx_word' id='word_1_456' title='bbox 2300 3772 2404 3830; x_wconf 85' lang='lat' dir='ltr'>lusemi</span> <span class='ocrx_word' id='word_1_457' title='bbox 2418 3779 2467 3850; x_wconf 63' lang='lat' dir='ltr'>igi,</span> 
     </span>
    </p>
   </div>
   <div class='ocr_carea' id='block_1_27' title="bbox 2329 3371 2468 3441">
    <p class='ocr_par' dir='ltr' id='par_1_34' title="bbox 2329 3371 2468 3441">
     <span class='ocr_line' id='line_1_65' title="bbox 2329 3371 2468 3441; baseline -0.043 0"><span class='ocrx_word' id='word_1_458' title='bbox 2329 3380 2389 3441; x_wconf 79' lang='lat'>29.</span> <span class='ocrx_word' id='word_1_459' title='bbox 2402 3371 2468 3437; x_wconf 89' lang='lat' dir='ltr'>lun.</span> 
     </span>
    </p>
   </div>
   <div class='ocr_carea' id='block_1_28' title="bbox 2330 3453 2499 3491">
    <p class='ocr_par' dir='ltr' id='par_1_35' title="bbox 2330 3453 2499 3491">
     <span class='ocr_line' id='line_1_66' title="bbox 2330 3453 2499 3491; baseline 0.012 -2"><span class='ocrx_word' id='word_1_460' title='bbox 2330 3453 2499 3491; x_wconf 54' lang='lat' dir='ltr'>unm*</span> 
     </span>
    </p>
   </div>
   <div class='ocr_carea' id='block_1_29' title="bbox 1565 3977 2381 4069">
    <p class='ocr_par' dir='ltr' id='par_1_36' title="bbox 1565 3977 2381 4069">
     <span class='ocr_line' id='line_1_67' title="bbox 1565 3977 2381 4069; baseline 0.012 -12"><span class='ocrx_word' id='word_1_461' title='bbox 1565 3977 1701 4057; x_wconf 82' lang='lat' dir='ltr'>Rector</span> <span class='ocrx_word' id='word_1_462' title='bbox 1724 3981 1946 4063; x_wconf 84' lang='lat' dir='ltr'>Academiae</span> <span class='ocrx_word' id='word_1_463' title='bbox 1968 3986 2215 4064; x_wconf 66' lang='lat' dir='ltr'>⁴Iohannes</span> <span class='ocrx_word' id='word_1_464' title='bbox 2241 3991 2381 4069; x_wconf 77' lang='lat' dir='ltr'>Saxo.</span> 
     </span>
    </p>
   </div>
   <div class='ocr_carea' id='block_1_30' title="bbox 1478 4093 2488 5535">
    <p class='ocr_par' dir='ltr' id='par_1_37' title="bbox 1478 4093 2488 5535">
     <span class='ocr_line' id='line_1_68' title="bbox 1478 4093 2469 4227; baseline 0.023 -43"><span class='ocrx_word' id='word_1_465' title='bbox 1478 4093 1579 4190; x_wconf 85' lang='lat' dir='ltr'>Heri</span> <span class='ocrx_word' id='word_1_466' title='bbox 1591 4119 1740 4214; x_wconf 85' lang='lat' dir='ltr'>decessit</span> <span class='ocrx_word' id='word_1_467' title='bbox 1753 4122 1809 4193; x_wconf 89' lang='lat' dir='ltr'>vir</span> <span class='ocrx_word' id='word_1_468' title='bbox 1823 4120 1992 4198; x_wconf 87' lang='lat' dir='ltr'>honestus</span> <span class='ocrx_word' id='word_1_469' title='bbox 2002 4120 2184 4223; x_wconf 78' lang='lat' dir='ltr'>Georgius</span> <span class='ocrx_word' id='word_1_470' title='bbox 2193 4118 2381 4225; x_wconf 79' lang='lat' dir='ltr'>Cruciger,</span> <span class='ocrx_word' id='word_1_471' title='bbox 2408 4160 2469 4227; x_wconf 89' lang='lat' dir='ltr'>pa-</span> 
     </span>
     <span class='ocr_line' id='line_1_69' title="bbox 1479 4216 2470 4322; baseline 0.018 -32"><span class='ocrx_word' id='word_1_472' title='bbox 1479 4230 1533 4290; x_wconf 91' lang='lat' dir='ltr'>ter</span> <span class='ocrx_word' id='word_1_473' title='bbox 1545 4216 1711 4292; x_wconf 88' lang='lat' dir='ltr'>Doctoris</span> <span class='ocrx_word' id='word_1_474' title='bbox 1725 4219 1871 4317; x_wconf 88' lang='lat' dir='ltr'>Caspari</span> <span class='ocrx_word' id='word_1_475' title='bbox 1887 4224 2080 4322; x_wconf 84' lang='lat' dir='ltr'>Crucigeri,</span> <span class='ocrx_word' id='word_1_476' title='bbox 2105 4231 2173 4300; x_wconf 88' lang='lat' dir='ltr'>viri</span> <span class='ocrx_word' id='word_1_477' title='bbox 2189 4233 2423 4305; x_wconf 88' lang='lat' dir='ltr'>eruditissimi</span> <span class='ocrx_word' id='word_1_478' title='bbox 2437 4254 2470 4309; x_wconf 92' lang='lat' dir='ltr'>et</span> 
     </span>
     <span class='ocr_line' id='line_1_70' title="bbox 1479 4316 2469 4410; baseline 0.019 -20"><span class='ocrx_word' id='word_1_479' title='bbox 1479 4321 1524 4391; x_wconf 91' lang='lat' dir='ltr'>de</span> <span class='ocrx_word' id='word_1_480' title='bbox 1539 4316 1697 4393; x_wconf 81' lang='lat' dir='ltr'>Ecclesia</span> <span class='ocrx_word' id='word_1_481' title='bbox 1711 4320 1782 4394; x_wconf 91' lang='lat' dir='ltr'>Dei</span> <span class='ocrx_word' id='word_1_482' title='bbox 1801 4340 1835 4395; x_wconf 91' lang='lat' dir='ltr'>et</span> <span class='ocrx_word' id='word_1_483' title='bbox 1858 4323 1923 4397; x_wconf 89' lang='lat' dir='ltr'>hac</span> <span class='ocrx_word' id='word_1_484' title='bbox 1946 4324 2065 4401; x_wconf 91' lang='lat' dir='ltr'>schola</span> <span class='ocrx_word' id='word_1_485' title='bbox 2089 4333 2329 4404; x_wconf 90' lang='lat' dir='ltr'>benemeriti.</span> <span class='ocrx_word' id='word_1_486' title='bbox 2386 4337 2469 4410; x_wconf 83' lang='lat' dir='ltr'>Fuit</span> 
     </span>
     <span class='ocr_line' id='line_1_71' title="bbox 1479 4428 2470 4529; baseline 0.018 -37"><span class='ocrx_word' id='word_1_487' title='bbox 1479 4435 1597 4494; x_wconf 90' lang='lat' dir='ltr'>autem</span> <span class='ocrx_word' id='word_1_488' title='bbox 1621 4439 1721 4517; x_wconf 81' lang='lat' dir='ltr'>pater</span> <span class='ocrx_word' id='word_1_489' title='bbox 1742 4449 1822 4497; x_wconf 91' lang='lat' dir='ltr'>cum</span> <span class='ocrx_word' id='word_1_490' title='bbox 1844 4428 1925 4498; x_wconf 89' lang='lat' dir='ltr'>aliis</span> <span class='ocrx_word' id='word_1_491' title='bbox 1940 4431 2106 4503; x_wconf 88' lang='lat' dir='ltr'>civilibus</span> <span class='ocrx_word' id='word_1_492' title='bbox 2120 4434 2314 4506; x_wconf 89' lang='lat' dir='ltr'>virtutibus</span> <span class='ocrx_word' id='word_1_493' title='bbox 2329 4442 2470 4529; x_wconf 89' lang='lat' dir='ltr'>praedi-</span> 
     </span>
     <span class='ocr_line' id='line_1_72' title="bbox 1480 4524 2470 4627; baseline 0.018 -32"><span class='ocrx_word' id='word_1_494' title='bbox 1480 4536 1556 4611; x_wconf 90' lang='lat' dir='ltr'>tus,</span> <span class='ocrx_word' id='word_1_495' title='bbox 1586 4537 1663 4595; x_wconf 89' lang='lat' dir='ltr'>tum</span> <span class='ocrx_word' id='word_1_496' title='bbox 1682 4533 1767 4598; x_wconf 80' lang='lat' dir='ltr'>vero</span> <span class='ocrx_word' id='word_1_497' title='bbox 1789 4524 1858 4615; x_wconf 85' lang='lat' dir='ltr'>hoc</span> <span class='ocrx_word' id='word_1_498' title='bbox 1882 4532 2027 4602; x_wconf 91' lang='lat' dir='ltr'>nomine</span> <span class='ocrx_word' id='word_1_499' title='bbox 2052 4537 2238 4627; x_wconf 89' lang='lat' dir='ltr'>praecipue</span> <span class='ocrx_word' id='word_1_500' title='bbox 2260 4538 2470 4626; x_wconf 89' lang='lat' dir='ltr'>laudandus,</span> 
     </span>
     <span class='ocr_line' id='line_1_73' title="bbox 1480 4626 2488 4733; baseline 0.02 -39"><span class='ocrx_word' id='word_1_501' title='bbox 1480 4626 1577 4719; x_wconf 87' lang='lat' dir='ltr'>quod</span> <span class='ocrx_word' id='word_1_502' title='bbox 1595 4641 1630 4697; x_wconf 93' lang='lat' dir='ltr'>et</span> <span class='ocrx_word' id='word_1_503' title='bbox 1644 4628 1841 4699; x_wconf 89' lang='lat' dir='ltr'>doctrinam</span> <span class='ocrx_word' id='word_1_504' title='bbox 1857 4633 2040 4704; x_wconf 87' lang='lat' dir='ltr'>coelestem</span> <span class='ocrx_word' id='word_1_505' title='bbox 2056 4637 2167 4707; x_wconf 93' lang='lat' dir='ltr'>coluit</span> <span class='ocrx_word' id='word_1_506' title='bbox 2182 4638 2267 4730; x_wconf 88' lang='lat' dir='ltr'>ipse,</span> <span class='ocrx_word' id='word_1_507' title='bbox 2291 4653 2325 4708; x_wconf 93' lang='lat' dir='ltr'>et</span> <span class='ocrx_word' id='word_1_508' title='bbox 2342 4665 2469 4733; x_wconf 91' lang='lat' dir='ltr'>magno</span> <span class='ocrx_word' id='word_1_509' title='bbox 2485 4693 2488 4698; x_wconf 88' lang='lat'>-</span> 
     </span>
     <span class='ocr_line' id='line_1_74' title="bbox 1481 4728 2471 4817; baseline 0.017 -20"><span class='ocrx_word' id='word_1_510' title='bbox 1481 4750 1545 4798; x_wconf 92' lang='lat' dir='ltr'>suo</span> <span class='ocrx_word' id='word_1_511' title='bbox 1562 4728 1719 4817; x_wconf 89' lang='lat' dir='ltr'>periculo</span> <span class='ocrx_word' id='word_1_512' title='bbox 1738 4729 1803 4798; x_wconf 87' lang='lat' dir='ltr'>filii</span> <span class='ocrx_word' id='word_1_513' title='bbox 1818 4732 1874 4801; x_wconf 91' lang='lat' dir='ltr'>sui</span> <span class='ocrx_word' id='word_1_514' title='bbox 1890 4735 2008 4804; x_wconf 90' lang='lat' dir='ltr'>studia</span> <span class='ocrx_word' id='word_1_515' title='bbox 2023 4738 2068 4807; x_wconf 91' lang='lat' dir='ltr'>ad</span> <span class='ocrx_word' id='word_1_516' title='bbox 2082 4733 2258 4808; x_wconf 84' lang='lat' dir='ltr'>Ecclesiae</span> <span class='ocrx_word' id='word_1_517' title='bbox 2276 4742 2471 4815; x_wconf 88' lang='lat' dir='ltr'>utilitatem</span> 
     </span>
     <span class='ocr_line' id='line_1_75' title="bbox 1480 4828 2472 4933; baseline 0.021 -36"><span class='ocrx_word' id='word_1_518' title='bbox 1480 4828 1571 4908; x_wconf 83' lang='lat' dir='ltr'>fovit</span> <span class='ocrx_word' id='word_1_519' title='bbox 1594 4840 1627 4897; x_wconf 92' lang='lat' dir='ltr'>et</span> <span class='ocrx_word' id='word_1_520' title='bbox 1647 4831 1808 4919; x_wconf 84' lang='lat' dir='ltr'>provexit</span> <span class='ocrx_word' id='word_1_521' title='bbox 1823 4829 1877 4927; x_wconf 83' lang='lat'>*),</span> <span class='ocrx_word' id='word_1_522' title='bbox 1911 4840 2169 4930; x_wconf 90' lang='lat' dir='ltr'>propterquod</span> <span class='ocrx_word' id='word_1_523' title='bbox 2192 4839 2355 4909; x_wconf 88' lang='lat' dir='ltr'>meritum</span> <span class='ocrx_word' id='word_1_524' title='bbox 2372 4862 2472 4933; x_wconf 88' lang='lat' dir='ltr'>grata</span> 
     </span>
     <span class='ocr_line' id='line_1_76' title="bbox 1480 4928 2471 5023; baseline 0.023 -26"><span class='ocrx_word' id='word_1_525' title='bbox 1480 4928 1558 4997; x_wconf 90' lang='lat' dir='ltr'>eius</span> <span class='ocrx_word' id='word_1_526' title='bbox 1569 4930 1740 5001; x_wconf 82' lang='lat' dir='ltr'>memoria</span> <span class='ocrx_word' id='word_1_527' title='bbox 1754 4933 1824 5023; x_wconf 91' lang='lat' dir='ltr'>piis</span> <span class='ocrx_word' id='word_1_528' title='bbox 1839 4957 1913 5006; x_wconf 90' lang='lat' dir='ltr'>esse</span> <span class='ocrx_word' id='word_1_529' title='bbox 1927 4939 2043 5013; x_wconf 82' lang='lat' dir='ltr'>debet.</span> <span class='ocrx_word' id='word_1_530' title='bbox 2084 4937 2173 5010; x_wconf 91' lang='lat' dir='ltr'>Nam</span> <span class='ocrx_word' id='word_1_531' title='bbox 2188 4964 2268 5011; x_wconf 91' lang='lat' dir='ltr'>cum</span> <span class='ocrx_word' id='word_1_532' title='bbox 2285 4943 2471 5020; x_wconf 90' lang='lat' dir='ltr'>videamus</span> 
     </span>
     <span class='ocr_line' id='line_1_77' title="bbox 1479 5031 2471 5133; baseline 0.024 -35"><span class='ocrx_word' id='word_1_533' title='bbox 1479 5037 1617 5099; x_wconf 81' lang='lat' dir='ltr'>caetera</span> <span class='ocrx_word' id='word_1_534' title='bbox 1639 5031 1734 5103; x_wconf 90' lang='lat' dir='ltr'>bona</span> <span class='ocrx_word' id='word_1_535' title='bbox 1757 5036 1876 5106; x_wconf 90' lang='lat' dir='ltr'>omnia</span> <span class='ocrx_word' id='word_1_536' title='bbox 1896 5038 2033 5130; x_wconf 82' lang='lat' dir='ltr'>fugacia</span> <span class='ocrx_word' id='word_1_537' title='bbox 2056 5054 2091 5110; x_wconf 91' lang='lat' dir='ltr'>et</span> <span class='ocrx_word' id='word_1_538' title='bbox 2112 5042 2294 5111; x_wconf 87' lang='lat' dir='ltr'>mutabilia</span> <span class='ocrx_word' id='word_1_539' title='bbox 2311 5069 2408 5133; x_wconf 87' lang='lat' dir='ltr'>esse,</span> <span class='ocrx_word' id='word_1_540' title='bbox 2432 5065 2471 5121; x_wconf 90' lang='lat' dir='ltr'>ut</span> 
     </span>
     <span class='ocr_line' id='line_1_78' title="bbox 1480 5124 2468 5231; baseline 0.02 -31"><span class='ocrx_word' id='word_1_541' title='bbox 1480 5124 1548 5200; x_wconf 88' lang='lat' dir='ltr'>hae</span> <span class='ocrx_word' id='word_1_542' title='bbox 1569 5131 1666 5225; x_wconf 90' lang='lat' dir='ltr'>ipsae</span> <span class='ocrx_word' id='word_1_543' title='bbox 1687 5135 1906 5209; x_wconf 90' lang='lat' dir='ltr'>tristissimae</span> <span class='ocrx_word' id='word_1_544' title='bbox 1928 5155 2150 5231; x_wconf 85' lang='lat' dir='ltr'>tempestates</span> <span class='ocrx_word' id='word_1_545' title='bbox 2171 5162 2337 5231; x_wconf 87' lang='lat' dir='ltr'>monent,</span> <span class='ocrx_word' id='word_1_546' title='bbox 2381 5146 2468 5221; x_wconf 90' lang='lat' dir='ltr'>banc</span> 
     </span>
     <span class='ocr_line' id='line_1_79' title="bbox 1480 5235 2468 5336; baseline 0.019 -33"><span class='ocrx_word' id='word_1_547' title='bbox 1480 5244 1590 5304; x_wconf 87' lang='lat' dir='ltr'>totam</span> <span class='ocrx_word' id='word_1_548' title='bbox 1615 5235 1863 5309; x_wconf 87' lang='lat' dir='ltr'>elementarem</span> <span class='ocrx_word' id='word_1_549' title='bbox 1886 5243 2014 5310; x_wconf 90' lang='lat' dir='ltr'>molem</span> <span class='ocrx_word' id='word_1_550' title='bbox 2038 5243 2230 5336; x_wconf 87' lang='lat' dir='ltr'>aliquando</span> <span class='ocrx_word' id='word_1_551' title='bbox 2247 5247 2468 5322; x_wconf 87' lang='lat' dir='ltr'>interituram</span> 
     </span>
     <span class='ocr_line' id='line_1_80' title="bbox 1480 5334 2469 5429; baseline 0.019 -24"><span class='ocrx_word' id='word_1_552' title='bbox 1480 5357 1566 5410; x_wconf 82' lang='lat' dir='ltr'>esse.</span> <span class='ocrx_word' id='word_1_553' title='bbox 1625 5334 1690 5408; x_wconf 90' lang='lat' dir='ltr'>Illa</span> <span class='ocrx_word' id='word_1_554' title='bbox 1713 5351 1765 5410; x_wconf 87' lang='lat' dir='ltr'>est</span> <span class='ocrx_word' id='word_1_555' title='bbox 1788 5363 1914 5429; x_wconf 87' lang='lat' dir='ltr'>magna</span> <span class='ocrx_word' id='word_1_556' title='bbox 1939 5343 2069 5428; x_wconf 85' lang='lat' dir='ltr'>virtus,</span> <span class='ocrx_word' id='word_1_557' title='bbox 2101 5346 2233 5417; x_wconf 80' lang='lat' dir='ltr'>referre</span> <span class='ocrx_word' id='word_1_558' title='bbox 2254 5352 2403 5422; x_wconf 88' lang='lat' dir='ltr'>consilia</span> <span class='ocrx_word' id='word_1_559' title='bbox 2426 5356 2469 5424; x_wconf 92' lang='lat' dir='ltr'>ad</span> 
     </span>
     <span class='ocr_line' id='line_1_81' title="bbox 1478 5431 2472 5535; baseline 0.019 -28"><span class='ocrx_word' id='word_1_560' title='bbox 1478 5431 1671 5508; x_wconf 83' lang='lat' dir='ltr'>Ecclesiam</span> <span class='ocrx_word' id='word_1_561' title='bbox 1694 5438 1902 5524; x_wconf 88' lang='lat' dir='ltr'>iuvandam,</span> <span class='ocrx_word' id='word_1_562' title='bbox 1938 5467 2028 5535; x_wconf 89' lang='lat' dir='ltr'>quae</span> <span class='ocrx_word' id='word_1_563' title='bbox 2044 5446 2110 5516; x_wconf 90' lang='lat' dir='ltr'>erit</span> <span class='ocrx_word' id='word_1_564' title='bbox 2126 5462 2286 5534; x_wconf 87' lang='lat' dir='ltr'>aeterna,</span> <span class='ocrx_word' id='word_1_565' title='bbox 2313 5466 2353 5523; x_wconf 92' lang='lat' dir='ltr'>ut</span> <span class='ocrx_word' id='word_1_566' title='bbox 2368 5449 2472 5525; x_wconf 88' lang='lat' dir='ltr'>Chri·</span> 
     </span>
    </p>
   </div>
   <div class='ocr_carea' id='block_1_31' title="bbox 1486 5605 1714 5625">
    <p class='ocr_par' dir='ltr' id='par_1_38' title="bbox 1486 5605 1714 5625">
     <span class='ocr_line' id='line_1_82' title="bbox 1486 5605 1714 5625; baseline 0.004 -1"><span class='ocrx_word' id='word_1_567' title='bbox 1486 5605 1714 5625; x_wconf 66' lang='grc' dir='ltr'>-ο--ι</span> 
     </span>
    </p>
   </div>
   <div class='ocr_carea' id='block_1_32' title="bbox 1512 5707 2472 5803">
    <p class='ocr_par' dir='ltr' id='par_1_39' title="bbox 1512 5707 2472 5803">
     <span class='ocr_line' id='line_1_83' title="bbox 1512 5707 2472 5803; baseline 0.026 -41"><span class='ocrx_word' id='word_1_568' title='bbox 1512 5707 1544 5779; x_wconf 80' lang='grc'>*)</span> <span class='ocrx_word' id='word_1_569' title='bbox 1563 5711 1697 5767; x_wconf 82' lang='lat' dir='ltr'>Videatur</span> <span class='ocrx_word' id='word_1_570' title='bbox 1709 5713 1774 5774; x_wconf 81' lang='lat' dir='ltr'>haec</span> <span class='ocrx_word' id='word_1_571' title='bbox 1786 5714 1931 5774; x_wconf 78' lang='lat' dir='ltr'>reserenda</span> <span class='ocrx_word' id='word_1_572' title='bbox 1944 5720 1976 5775; x_wconf 84' lang='lat' dir='ltr'>sd</span> <span class='ocrx_word' id='word_1_573' title='bbox 1991 5726 2208 5794; x_wconf 74' lang='lat' dir='ltr'>persecutiones,</span> <span class='ocrx_word' id='word_1_574' title='bbox 2226 5728 2326 5800; x_wconf 85' lang='lat' dir='ltr'>quibus</span> <span class='ocrx_word' id='word_1_575' title='bbox 2337 5730 2472 5803; x_wconf 79' lang='lat' dir='ltr'>Georgius</span> 
     </span>
    </p>
   </div>
   <div class='ocr_carea' id='block_1_33' title="bbox 1550 5781 2472 5909">
    <p class='ocr_par' dir='ltr' id='par_1_40' title="bbox 1550 5781 2472 5909">
     <span class='ocr_line' id='line_1_84' title="bbox 1550 5781 2472 5871; baseline 0.026 -38"><span class='ocrx_word' id='word_1_576' title='bbox 1550 5781 1612 5833; x_wconf 84' lang='lat' dir='ltr'>Dux</span> <span class='ocrx_word' id='word_1_577' title='bbox 1624 5782 1755 5864; x_wconf 73' lang='lat' dir='ltr'>saxoniae</span> <span class='ocrx_word' id='word_1_578' title='bbox 1776 5784 1851 5843; x_wconf 78' lang='lat' dir='ltr'>cites</span> <span class='ocrx_word' id='word_1_579' title='bbox 1866 5785 2016 5865; x_wconf 80' lang='lat' dir='ltr'>Lipsienses</span> <span class='ocrx_word' id='word_1_580' title='bbox 2037 5806 2149 5867; x_wconf 86' lang='lat' dir='ltr'>propter</span> <span class='ocrx_word' id='word_1_581' title='bbox 2163 5796 2303 5869; x_wconf 79' lang='lat' dir='ltr'>Essngelii</span> <span class='ocrx_word' id='word_1_582' title='bbox 2322 5801 2472 5871; x_wconf 82' lang='lat' dir='ltr'>professio·</span> 
     </span>
     <span class='ocr_line' id='line_1_85' title="bbox 1550 5859 1737 5909; baseline 0.016 -6"><span class='ocrx_word' id='word_1_583' title='bbox 1550 5866 1614 5903; x_wconf 87' lang='lat' dir='ltr'>nem</span> <span class='ocrx_word' id='word_1_584' title='bbox 1627 5859 1737 5909; x_wconf 73' lang='lat' dir='ltr'>remeat.</span> 
     </span>
    </p>
   </div>
   <div class='ocr_carea' id='block_1_34' title="bbox 0 0 2679 6916">
    <p class='ocr_par' dir='ltr' id='par_1_41' title="bbox 0 0 2679 6916">
     <span class='ocr_line' id='line_1_86' title="bbox 0 0 2679 6916; baseline 0 0"><span class='ocrx_word' id='word_1_585' title='bbox 0 0 2679 6916; x_wconf 95' lang='lat' dir='ltr'> </span> 
     </span>
    </p>
   </div>
  </div>
 </body>
</html>
