5325 6917
734 719 888 799 435

744 894 824 977 in
870 886 1086 962 domo
1112 887 1305 974 Dei,
1361 913 1497 981 qua
1546 913 1716 959 voce
1755 886 2320 983 significatur⁸),
2385 889 2543 982 pios
2592 890 2725 958 do-

744 1011 968 1067 ctores
997 1008 1066 1065 et
1096 992 1368 1060 vivaces
1397 991 1547 1058 fore
1577 1006 1645 1061 et
1676 991 2083 1063 foecundo&
2131 990 2312 1061 Nam
2343 1004 2727 1083 utrumque

744 1096 1105 1166 mentione
1136 1092 1330 1160 oleae
1361 1090 1869 1180 complectitur.
1956 1086 2139 1162 Olea
2173 1092 2362 1161 enim
2392 1090 2572 1160 vivit
2599 1115 2731 1159 an-
2771 1083 2774 1129 3

746 1221 880 1268 nos
944 1199 1304 1263 ducentos.
1420 1190 1625 1259 Hanc
1684 1204 1754 1261 et
1809 1192 1941 1261 tibi
1990 1207 2057 1262 et
2103 1194 2387 1263 caeteris
2434 1192 2731 1261 eruditis

750 1294 908 1391 et⁴)
959 1296 1093 1386 piis
1154 1292 1563 1363 doctoribus
1612 1293 2054 1363 vivacitatem
2098 1308 2306 1385 opto,
2372 1317 2451 1362 ac
2494 1288 2728 1361 Deum

752 1424 921 1477 oro,
986 1410 1068 1465 ut
1119 1394 1300 1462 vires
1357 1393 1755 1484 corpusculi
1812 1395 1914 1463 tui
1948 1395 2313 1467 confirmet
2360 1409 2428 1464 et
2462 1406 2734 1483 augeat,

752 1524 833 1569 ac
872 1496 1175 1587 depellat
1222 1496 1528 1567 morbos-

757 1601 1003 1670 dolore
1033 1596 1281 1664 enixus
1310 1619 1463 1664 sum
1500 1609 1638 1664 tres
1669 1591 2011 1665 calculos⁸
2030 1591 2084 1689 ).

965 1695 1181 1768 Mitto
1218 1697 1346 1766 tibi
1381 1696 1897 1767 enarrationem
1934 1720 2176 1767 versus
2214 1694 2621 1785 Virgiliani,
2657 1694 2735 1762 in

760 1824 899 1894 qua
929 1794 1111 1867 mihi
1147 1798 1496 1889 voluptati
1525 1799 1700 1883 fuit,
1747 1797 2084 1888 cogitanti
2114 1801 2203 1868 de
2232 1810 2486 1868 natura
2517 1797 2736 1881 oleae,

760 1899 1206 1971 considerare
1257 1899 1635 1990 imaginem
1690 1893 2068 1972 Ecclesiae.
2186 1896 2456 1967 Vinum
2515 1896 2739 1988 signi-

759 2002 919 2071 ficat
983 2001 1156 2089 legis
1209 2001 1641 2082 doctrinam,
1725 2000 1959 2069 oleum
2013 1993 2443 2096 siguificat⁶)
2493 1994 2741 2068 Evan-

760 2101 927 2192 gelii
982 2102 1416 2173 suavitatem.
1552 2098 1782 2170 Tanta
1846 2117 1948 2171 est
2007 2115 2242 2171 autem
2298 2092 2739 2193 συμπάθεια

763 2216 832 2272 et
879 2201 1221 2272 naturalis
1289 2202 1669 2270 concordia
1714 2201 1901 2272 inter
1946 2204 2161 2272 vitem
2223 2214 2289 2271 et
2342 2203 2612 2285 oleam,
2663 2213 2744 2269 ut

762 2299 947 2394 vel⁷)
1005 2302 1134 2372 viti
1182 2301 1395 2374 insita
1438 2301 1593 2372 olea
1646 2302 1887 2393 gignat
1937 2327 2110 2373 uvas
2154 2301 2520 2374 et-oleum.
2622 2299 2743 2371 Sic
2795 2370 2796 2373 ,

766 2403 978 2473 insita
1022 2402 1288 2495 populo
1350 2398 1611 2497 legis⁸)
1662 2400 1981 2475 Ecclesia
2025 2405 2251 2495 legem
2306 2417 2377 2474 et
2417 2398 2745 2491 Evange-

761 2504 940 2575 lium
1016 2518 1261 2589 sonat,
1353 2519 1425 2576 et
1493 2503 1761 2575 fruitur
1833 2516 2135 2599 utraque
2212 2502 2575 2588 doctrina,
2676 2514 2747 2571 et

761 2606 1131 2697 utriusque
1163 2607 1433 2675 fructus
1461 2604 1707 2695 gignit.

966 2700 1019 2785 †
1053 2702 1160 2775 De
1201 2703 1460 2776 Turcis
1503 2706 1843 2797 scriptum
1896 2717 2004 2776 est
2053 2704 2139 2774 ad
2184 2701 2528 2776 Senatum
2557 2698 2744 2770 Vra-
2788 2753 2789 2756 ,

760 2806 1233 2877 tislaviensem
1253 2860 1274 2890 ,
1324 2806 1588 2877 victum
1616 2830 1763 2876 esse
1795 2830 1833 2875 a
1861 2803 2097 2875 Persis
2124 2802 2510 2872 Turcicum
2545 2824 2745 2869 exer-

763 2908 982 2977 citum
1024 2920 1092 2975 et
1123 2920 1404 2998 captum
1450 2907 1737 3000 tyranni
1767 2904 2056 2975 Turcici
2103 2903 2333 2972 filium
2377 2916 2552 2972 natu
2591 2925 2744 2969 ma·-
2788 2918 2796 3001 ἡ

2847 2997 3266 3035 Μ

760 3008 1074 3090 ximurn,
1125 3030 1419 3099 eamque
1456 3006 1552 3075 ob
1592 3028 1873 3075 causam
1919 3016 2279 3075 revocatas
2319 3026 2465 3074 esse
2505 3002 2744 3094 copias

764 3132 846 3176 ex
873 3105 1151 3200 Mysia,
1189 3130 1368 3200 quae
1404 3129 1649 3176 recens
1680 3129 1762 3176 eo
1795 3105 2047 3176 missae
2067 3098 2138 3199 ⁸)
2169 3118 2407 3189 erant,
2457 3116 2541 3173 ut
2580 3127 2745 3194 per-
2783 3135 2786 3141 ἶ

760 3219 1005 3296 gerent
1036 3209 1123 3277 ad
1156 3208 1502 3301 reliquam
1530 3204 1979 3278 Pannoniam
2009 3204 2513 3296 occupandam.
2617 3199 2743 3272 ln-

759 3309 966 3378 terim
993 3306 1267 3398 Ungari
1296 3329 1519 3377 novos
1548 3306 1898 3379 tumultus
1930 3305 2236 3378 e'xcitant
2273 3318 2559 3376 auctore
2585 3327 2745 3373 mo-

762 3402 1027 3493 nacho,
1077 3408 1204 3501 qui
1234 3419 1338 3478 est
1370 3405 1571 3495 regni
1610 3399 1923 3501 ἔρύννις.
2038 3403 2361 3479 Fortasse
2394 3401 2590 3477 Deus
2621 3429 2746 3475 co-

762 3519 1144 3578 ronaturus
1167 3506 1395 3597 filium
1424 3500 1787 3582 iohannis.
1887 3503 2084 3579 Bene
2129 3521 2200 3581 et
2240 3507 2538 3580 feliciter
2562 3506 2745 3580 vale.

761 3607 836 3684 ’6.
869 3606 1036 3679 Iulii
1075 3604 1273 3681 1544
1296 3604 1454 3702 Μ’).

1422 3702 1705 3782 Versus
1760 3701 2117 3803 Wrgtlii=

852 3803 1183 3870 omnibns
1221 3808 1298 3869 in
1337 3823 1583 3872 morem
1625 3818 1821 3872 tonsa
1861 3827 2050 3872 com
2087 3825 2329 3889 pressu
2370 3824 2646 3872 corona.

765 3892 930 3965 Non
1011 3896 1262 3967 dubito
1328 3894 1635 3986 intelligi
1710 3919 2050 3969 coronam
2119 3894 2595 3986 oleagineam,
2679 3905 2748 3963 et

769 3992 1173 4091 constat¹⁸),
1214 3997 1690 4068 adolescentes
1716 3997 1794 4068 in
1821 3998 2050 4083 ludis,
2100 4020 2279 4090 quos
2311 4007 2552 4065 narrat
2565 3993 2748 4067 Sue-

766 4096 1010 4166 tonius
1073 4099 1167 4167 ab
1216 4091 1540 4188 Augusto
1605 4099 1967 4170 institutos
2033 4120 2217 4183 esse,
2279 4099 2602 4167 sedentes
2666 4096 2745 4165 in

769 4197 968 4291 equis
1012 4210 1306 4269 certasse
1353 4198 1465 4268 vel
1512 4222 1724 4269 cursu
1755 4199 1869 4268 vel
1915 4198 2074 4268 aliis
2103 4198 2370 4282 modis,
2418 4211 2488 4267 et
2527 4196 2746 4265 fuisse

768 4313 1144 4372 coronatos
1186 4299 1570 4370 frondibus
1606 4300 1819 4371 oleae.
1921 4298 2062 4372 Sed
2107 4325 2235 4370 cur
2277 4305 2569 4368 tonsam
2616 4320 2746 4367 vo-

767 4412 912 4484 cet,
967 4424 1136 4487 nos,
1182 4400 1309 4494 qui
1360 4401 1707 4472 culturam
1741 4401 1936 4471 oleae
1960 4396 2057 4497 ¹²)
2100 4401 2544 4492 ignoramus,
2594 4422 2743 4468 non

766 4499 933 4569 satis
962 4501 1307 4593 explicare
1333 4491 1728 4593 possumus.
1829 4492 2045 4597 Αο”)
2079 4525 2325 4573 verum
2354 4513 2494 4583 est,
2540 4523 2745 4592 saepe

765 4600 992 4670 solere
1028 4602 1264 4691 putari
1298 4616 1368 4672 et
1400 4602 1656 4693 stringi
1683 4603 1875 4673 oleas
1900 4604 1992 4673 ad
2020 4604 2597 4695 compescendam
2629 4601 2747 4671 lu-

762 4699 1078 4787 xuriam,
1133 4703 1257 4774 sed
1319 4714 1555 4774 tamen
1596 4704 1885 4790 dubito,
1949 4728 2043 4776 an
2090 4698 2498 4799 tonsam⁸⁴)
2539 4715 2745 4773 vocat

834 4924 891 4991 8)
926 4922 1065 4978 cod.
1092 4921 1261 4977 Goth.
1292 4924 1409 4981 191.
1433 4918 1731 4994 signifieat.
2579 4917 2616 4950 ³

832 5010 891 5063 4)
925 5008 1167 5060 eruditis
1190 5015 1248 5058 ee
1271 5006 1437 5061 codd.
1461 5006 1628 5063 Gotb.
1656 5026 1769 5061 non
1792 5006 2010 5064 babent.

835 5092 894 5156 5)
928 5088 1049 5156 Ego
1070 5090 1156 5142 Ιώ
1179 5098 1283 5144 ete.
1303 5087 1437 5144 Pet.
1461 5087 1846 5159 prtem-'nisit-

830 5173 889 5239 6)
919 5173 1199 5246 significat
1224 5171 1390 5227 codd.
1414 5189 1525 5225 non
1555 5170 1775 5227 babent.

832 5258 891 5326 7)
926 5258 1019 5309 νει
1041 5255 1169 5310 Pes.
1203 5274 1313 5309 non
1340 5252 1560 5311 liabent.

832 5339 887 5407 Β)
915 5339 1182 5393 *doctrina
1202 5337 1351 5392 addit
1379 5339 1506 5394 cod.
1530 5336 1700 5392 Goth.
1730 5335 1874 5393 112.-

826 5423 889 5485 9)
910 5422 1063 5478 cod.
1086 5421 1257 5477 Goth.
1287 5422 1434 5477 191.ε
1467 5425 1758 5477 κενώσαι
1783 5437 1890 5494 pro
1914 5438 1982 5473 eo
1998 5421 2237 5475 'missam

829 5509 916 5577 10)
954 5507 1044 5561 De
1074 5504 1297 5574 Tarsis,
1324 5512 1379 5559 01
1403 5522 1541 5575 quae
1565 5512 1900 5575 sequuntur,
1936 5502 2182 5557 Pezelius
2212 5505 2592 5575 praetermisit.

830 5595 917 5662 11)
950 5599 1172 5647 constat
1193 5604 1310 5642 non
1337 5588 1494 5642 babet
1522 5588 1649 5643 cod.
1676 5587 1848 5642 Gotb.
1877 5586 1993 5642 191.

830 5679 921 5741 12)
959 5679 1128 5730 oleae
1144 5666 1418 5729 vim-noa
1444 5670 1621 5725 hbet.

830 5763 915 5834 1³)
947 5761 1124 5817 Codd.
1149 5760 1323 5815 Nam.
1362 5788 1365 5791 ⁴

825 5849 908 5917 14)
945 5846 1071 5900 Pes.
1092 5845 1173 5899 sie
1194 5862 1298 5916 pro
1324 5853 1572 5897 somam.

1889 699 2772 794 zrlsToLARuM
2870 699 3089 799 ΜΒ.
3152 699 3281 798 tx.
3389 696 3657 797 1544}

1630 1491 1785 1584 Ego
1832 1490 1944 1563 his
1988 1495 2238 1566 diebus
2280 1517 2534 1584 magno
2570 1518 2732 1564 cum
2776 1532 2778 1568 ι

4657 707 4822 793 m

2831 904 3233 982 propterea,
3265 894 3458 983 quod
3492 894 3581 960 ab
3615 892 3868 962 arbore
3898 890 4134 963 stricta
4169 892 4293 975 sit,
4322 915 4412 960 an
4443 914 4614 959 vero
4648 905 4824 981 pro-

2831 1005 2985 1084 pter
3029 1016 3332 1063 coronae
3377 994 3890 1085 aequationem.

2830 1107 2971 1178 cet,
3034 1118 3201 1163 nam
3252 1093 3570 1185 oportuit
3615 1118 3833 1163 manu
3888 1095 4175 1182 stringi,
4253 1117 4403 1162 non
4449 1093 4709 1185 attingi
4726 1088 4822 1189 ¹⁸)

2830 1193 3041 1268 ferro.
3142 1190 3238 1264 Et
3269 1194 3408 1264 alio
3441 1194 3594 1264 loco
3631 1196 3863 1288 inquit
3886 1188 3983 1290 ¹⁸)
4013 1194 4388 1283 Virgilius:

4007 993 4146 1064 Sed
4186 992 4383 1083 prius
4411 992 4632 1082 magis
4663 992 4825 1082 pla-

2911 1322 3078 1406 Ipse
3117 1333 3328 1407 caput
3368 1333 3599 1387 tonsae
3625 1323 3837 1406 foliis
3877 1322 4227 1386 redimitus
4243 1324 4318 1404 Ι7)
4364 1323 4602 1388 olivae.

2831 1440 2972 1515 Hic
3034 1457 3220 1513 certe
3275 1445 3719 1515 commodius
3771 1458 3916 1530 est,
3978 1443 4284 1534 intelligi
4333 1451 4629 1513 tonsam
4672 1468 4820 1537 ‘pro

2831 1540 3092 1613 stricta
3118 1547 3368 1614 arbore
3386 1540 3520 1639 ¹⁸),
3571 1547 3774 1638 quasi
3819 1540 4230 1638 dicatur¹⁹):
4286 1544 4568 1614 vinctus
4604 1558 4820 1639 caput

2830 1645 3025 1716 foliis
3086 1646 3367 1717 strictae
3417 1647 3668 1721 olivae.
3782 1645 3940 1718 Hoc
4002 1646 4221 1735 igitur
4284 1647 4818 1738 amplectamur.

2835 1745 2976 1817 Sed
3010 1771 3120 1816 me
3151 1746 3375 1816 civem
3410 1748 3703 1819 atticum
3735 1750 3985 1839 pudet,
4018 1771 4164 1817 non
4197 1770 4344 1816 esse
4372 1749 4603 1834 oleas,
4627 1770 4818 1842 quae

2835 1841 3142 1917 Athenis
3185 1847 3592 1920 notissimae
3635 1862 3703 1919 et
3734 1849 4133 1920 uberrimae
4181 1847 4512 1933 fuerunt,
4562 1852 4822 1941 pudet-

2839 1972 2975 2040 que
3023 1973 3104 2018 eo
3146 1949 3404 2039 magis,
3470 1950 3634 2042 quia
3681 1952 3836 2020 olea
3884 1965 3987 2021 est
4006 1946 4103 2045 ²⁰)
4149 1950 4379 2040 imago
4433 1946 4819 2024 Ecclesiae.

2842 2043 3314 2140 Theophrast.
3343 2051 3468 2123 lib.
3497 2047 3600 2124 4.:
3656 2046 3865 2124 δοκεῖ
3906 2045 3987 2124 δὲ
4039 2047 4080 2123 ὃ
4123 2046 4292 2145 βίος
4335 2055 4477 2145 τῆς
4510 2076 4598 2147 γε
4643 2056 4822 2145 μιᾶς

2839 2145 3087 2232 ἐλαίας
3105 2146 3197 2245 ²¹)
3234 2146 3399 2246 περὶ
3444 2149 3566 2246 ἔτη
3608 2147 3974 2225 διακοσία.
4080 2151 4384 2223 Videtur
4408 2168 4643 2224 autem
4675 2154 4820 2223 vita

2840 2251 3053 2323 unius
3084 2252 3281 2322 oleae
3317 2275 3464 2322 esse
3493 2278 3842 2323 annorum
3874 2255 4049 2327 200.
4152 2253 4294 2325 Sed
4319 2253 4538 2325 vitem
4573 2256 4823 2327 scribit

2843 2375 2988 2422 esse
3021 2367 3452 2446 perpetuam,
3483 2368 3573 2441 et,
3608 2370 3689 2427 ut
3720 2356 3857 2441 ait,
3882 2348 4475 2451 μακροβιότερον
4491 2350 4596 2453 ²²)
4627 2350 4822 2429 πάν-

2841 2475 3038 2545 των,
3116 2455 3178 2523 si
3221 2479 3263 2525 a
3301 2455 3592 2526 caudice
3634 2456 4031 2528 avellantur
4074 2456 4430 2528 radiculae
4477 2457 4826 2529 immodi-

2843 2578 2985 2629 cae.
3088 2553 3360 2628 Vinum
3415 2579 3578 2648 crgo
3627 2559 3917 2649 prodest
3965 2558 4280 2633 senibus.
4359 2551 4455 2629 'B-
4498 2555 4564 2626 V
4563 2605 4586 2628 .

2866 2902 3000 2978 No.
3026 2904 3256 2977 2983.
4553 2928 4617 2989 6.
4644 2918 4766 2983 Iul.

3510 3097 4163 3185 Testimonium.

3042 3270 3086 3338 «ξ’
3123 3266 3200 3322 Ex
3225 3287 3414 3342 apogr.
3435 3270 3495 3325 in
3522 3273 3654 3327 eod.
3667 3270 3833 3331 Goth.
3851 3272 3976 3330 401.
4003 3292 4058 3349 p.
4088 3265 4207 3333 119.

2841 3410 3363 3522 Philippus
3389 3418 3653 3497 Mela
3675 3420 3835 3497 nlh
3856 3451 3961 3498 on
4009 3424 4340 3501 Salutem
4368 3424 4550 3503 dicit
4580 3433 4826 3503 omni-

3588 3526 3725 3600 hus
3758 3526 4073 3601 lalunic-

2844 3631 3460 3728 Honestissimum
3492 3659 3804 3730 officium
3851 3674 3989 3746 est,
4046 3676 4115 3733 et
4150 3662 4329 3733 utile
4373 3664 4828 3760 reipublicae,

2844 3758 3033 3828 bona
3068 3770 3137 3827 et
3173 3761 3489 3830 modesta
3520 3760 3803 3852 ingenia
3832 3762 4188 3839 etexculta
4207 3767 4617 3840 eruditione
4642 3770 4820 3841 tueri

2845 3870 2915 3928 et
2945 3854 3356 3949 provehere.
3458 3858 3952 3952 Comperimus
3977 3875 4213 3935 autem
4241 3878 4312 3937 et
4341 3890 4471 3959 ego
4512 3884 4578 3942 et
4603 3870 4823 3939 colle-

2845 3981 2968 4050 gae
3000 3961 3225 4029 nostri
3260 3962 3334 4030 in
3370 3958 3751 4033 Academia
3787 3962 4318 4056 Vitebe'rgensi,
4360 3964 4551 4040 hunc
4580 3965 4822 4040 Ioan-

2845 4082 3005 4128 nem
3039 4056 3453 4131 Arnoldum
3502 4057 4066 4136 Gothmammm
4133 4062 4444 4140 honestis
4497 4072 4824 4143 moribus

2842 4162 3241 4256 praeditum
3273 4186 3457 4249 esse,
3506 4180 3574 4236 et
3606 4166 4035 4256 singularem
4065 4169 4496 4262 diligentiam
4532 4194 4614 4242 ac
4660 4198 4822 4243 mo-

2843 4262 3280 4331 derationem
3313 4264 3388 4332 in
3421 4268 3620 4335 omni
3650 4269 3883 4345 officio
3917 4284 4286 4360 praestare.
4386 4266 4670 4363 Ingenii
4699 4300 4821 4345 ve-

2843 4386 2925 4431 ro
2966 4377 3156 4434 tanta
3203 4365 3309 4435 vis
3350 4381 3454 4437 est
3491 4380 3562 4438 et
3606 4369 3984 4460 elegantia,
4033 4384 4363 4466 tantaque
4394 4376 4706 4446 eruditio
4752 4390 4822 4447 et

2797 4486 2800 4494 ‘¹
2842 4464 3127 4555 linguae
3175 4465 3435 4539 latinae
3483 4470 3811 4557 scientia,
3861 4484 3942 4543 ut
3967 4472 4186 4544 latine
4222 4474 4821 4548 solutam-oratio-

2843 4589 3006 4636 nem
3037 4580 3105 4638 et
3139 4592 3424 4639 carmen
3454 4594 3708 4662 magna
3741 4572 3942 4665 copia
3977 4587 4042 4644 et
4076 4574 4308 4645 nitore
4335 4568 4621 4653 scribat.
4686 4578 4823 4656 Fe-
4882 4644 4891 4652 .

2843 4667 3075 4738 liciter
3097 4669 3325 4738 'etiam
3368 4664 3857 4763 philosophiae
3901 4675 4218 4746 studium
4272 4689 4341 4748 et
4395 4672 4820 4751 mathemata

2845 4790 2924 4838 ac
2976 4768 3452 4840 dulcissimam
3498 4770 3694 4841 illam
3742 4776 3831 4843 de
3881 4776 4196 4846 motibus
4242 4778 4652 4850 coelestibus
4686 4783 4824 4851 do·-

2788 4863 2789 4899 ³
2845 4869 3141 4937 cti-inam
3181 4866 3577 4957 inchoavit,
3627 4897 3705 4945 ac
3737 4880 4128 4966 optandum
4177 4892 4313 4964 est,
4360 4891 4443 4950 ut
4478 4905 4640 4950 cum
4700 4883 4823 4953 in·-

2842 4968 3129 5056 genium
3188 4965 3436 5042 habeat
3494 4997 3710 5065 capax
3769 4979 4090 5049 omnium
4136 4981 4480 5051 bonarum
4535 4983 4828 5067 artium,

2851 5154 3006 5170 -ρ-
3046 5157 3054 5163 .

2915 5255 3001 5325 15)
3039 5259 3252 5327 attingi·
3271 5257 3396 5315 Pes.
3421 5278 3537 5315 non
3561 5259 3740 5318 babet.

2915 5342 3002 5407 16)
3041 5343 3217 5399 Codd.
3244 5347 3346 5400 aie.
3808 5375 3811 5378 ·
3950 5415 3956 5421 .

2913 5426 3000 5496 17)
3037 5426 3218 5483 codd.
3247 5429 3573 5495 reob'niimg
3607 5428 3732 5485 Pes.
3759 5433 4031 5497 subscus-3
4067 5441 4237 5491 textus
4265 5436 4492 5510 Heyniis
4519 5450 4776 5497 maus.

2903 5510 3001 5575 ¹18)
3036 5511 3161 5566 Pez-
3187 5513 3381 5564 sln'cla
3401 5516 3484 5566 ‘de
3508 5515 3730 5567 arbore.

2902 5591 2994 5661 ’19)
3039 5592 3165 5646 Pes.
3191 5595 3361 5647 dieat.

2906 5677 3002 5744 20)
3039 5676 3214 5732 codd.
3232 5678 3372 5746 qm‘a
3393 5680 3467 5732 ab
3497 5682 3629 5734 01οσ
3644 5684 3814 5736 duaa
3838 5692 3938 5740 ese.

2900 5761 3000 5832 ιι)
3037 5760 3172 5820 cod.
3201 5762 3372 5818 ceu..
3405 5762 3519 5818 εει.
3551 5764 3686 5833 μᾶς
3705 5765 3804 5833 τῆς
3825 5786 3890 5837 7·
3922 5768 4114 5837 aaz«.
4141 5750 4305 5829 a»...

2909 5846 3000 5914 22)
3041 5845 3180 5902 cod.
3210 5844 3375 5902 Goth.
3412 5847 3531 5905 191.
3559 5850 4020 5924 μακροβιότατον.
