5325 6917
537 779 586 917 ‘n
676 791 828 873 ses

679 968 903 1043 bavit.
1002 959 1159 1057 Ego
1186 957 1648 1033 utilissimum
1675 960 1915 1049 iudico
1944 961 2210 1033 talibus
2235 963 2515 1056 scriptis
2544 964 2661 1032 in-

682 1072 966 1146 terdum
1004 1063 1304 1136 accendi
1346 1063 1536 1134 bona
1582 1061 1892 1153 ingenia.
1991 1062 2272 1156 Legunt
2303 1067 2493 1135 enim
2529 1068 2665 1135 ali-

686 1172 824 1267 qui
843 1161 1688 1241 boniet-commonefacti
1715 1166 1804 1234 de
1833 1165 1981 1238 reb.
2012 1161 2328 1237 honestis
2358 1166 2665 1258 diligen·
2709 1246 2710 1250 Ἴ

684 1275 827 1348 tius
867 1267 1201 1361 cogitant.
1321 1262 1420 1338 Et
1479 1262 1652 1338 haec
1691 1262 2047 1365 ἐπαγωγὰ
2093 1267 2333 1359 magis
2378 1270 2668 1363 capiunt

684 1375 1002 1459 animos,
1048 1391 1263 1465 quam
1295 1368 1551 1463 scripta
1582 1363 1990 1468 ἐλεγκτικά.
2090 1368 2329 1459 Quare
2371 1371 2507 1443 tibi
2536 1394 2667 1461 pro

686 1474 801 1547 his
828 1473 1065 1568 operis
1092 1468 1409 1545 Ecclesia
1437 1470 1699 1563 gratias
1729 1484 1907 1562 aget,
1955 1485 2026 1543 et
2057 1493 2185 1563 ego
2219 1473 2511 1543 nomine
2526 1468 2670 1542 Ec-

685 1577 938 1650 clesiae
966 1597 1162 1669 nunc
1189 1572 1329 1645 tibi
1356 1572 1614 1663 gratias
1646 1595 1802 1663 ago.

891 1676 975 1750 Si
1016 1697 1291 1769 possem
1335 1676 1574 1749 abesse
1617 1675 1708 1744 ab
1737 1670 2157 1759 Academia,
2228 1695 2669 1743 excurrerem

689 1782 783 1853 ad
823 1792 932 1859 te,
993 1792 1097 1849 ut·
1123 1798 1314 1847 meas
1358 1775 1495 1847 tibi
1538 1776 1858 1846 miserias
1900 1791 2358 1866 exponerem,
2430 1786 2497 1843 et
2541 1787 2666 1843 tuo
2713 1770 2714 1773 '

691 1880 993 1954 consilio
1022 1890 1282 1949 uterer.
1334 1876 1758 1949 Arbitrabar
1786 1878 1924 1945 iras
1956 1876 2264 1967 placatas
2290 1897 2458 1947 esse.
2526 1872 2668 1945 Sed

689 2006 954 2054 novam
997 1979 1563 2050 criminationem
1612 1976 1933 2068 coniugis
1978 2001 2017 2045 a
2044 1970 2285 2048 Rh'eni
2332 1976 2485 2067 ripa
2530 1978 2670 2045 mi·
2726 1997 2727 2001 ’

690 2085 784 2155 sit
812 2076 926 2178 ⁸²).
1032 2075 1193 2151 Etsi
1241 2079 1450 2150 video
1510 2091 1857 2173 quantum
1932 2077 2025 2147 sit
2083 2077 2481 2162 dedecoris,
2565 2091 2672 2147 ta-

690 2208 858 2255 men
912 2195 998 2253 ut
1055 2181 1137 2249 in
1187 2180 1433 2266 malis,
1530 2172 2016 2275 αἱρετώτερον
2070 2178 2388 2258 videtur,
2477 2192 2673 2269 post-

691 2308 907 2381 quam
953 2282 1153 2353 illam
1195 2304 1423 2352 annos
1460 2303 1721 2351 novem
1764 2279 2033 2354 omnib.
2064 2277 2511 2350 contumeliis
2553 2304 2675 2349 ve-

689 2386 923 2471 xavit,
966 2407 1162 2454 nunc
1190 2406 1345 2454 eam
1374 2382 1692 2467 restitui,
1741 2405 1902 2451 cum
1956 2403 2031 2449 se
2078 2404 2357 2450 causam
2388 2392 2673 2450 nactum

693 2509 843 2559 esse
885 2485 1221 2557 clamitat.
1340 2482 1612 2577 Sanari=
1648 2504 1761 2552 res
1806 2476 2121 2551 humano
2183 2479 2477 2550 consilio
2525 2503 2678 2549 non

690 2598 944 2680 potest.
1062 2583 1311 2676 Itaque
1376 2595 1655 2654 tantum
1700 2604 1743 2650 a
1784 2580 1937 2651 Deo
1984 2594 2269 2650 aeterno
2301 2594 2499 2673 patre
2523 2579 2678 2652 Do-

691 2688 876 2758 mini
905 2685 1136 2754 nostri
1166 2681 1327 2754 Iesu
1352 2677 1624 2754 Christi
1652 2680 1997 2752 auxilium
2046 2695 2115 2753 et
2148 2694 2433 2774 petatur
2460 2696 2527 2753 et
2557 2707 2677 2752 ex-

692 2798 1028 2882 pectetur.
1104 2782 1389 2878 Siquid
1416 2781 2093 2873 significabiturtibi
2124 2777 2380 2851 harum
2414 2806 2678 2868 rerum,

691 2913 825 2983 pro
882 2899 1013 2956 -tua
1078 2884 1457 2975 prudentia
1516 2896 1591 2953 et
1650 2897 1892 2955 nostra
1946 2883 2253 2953 amicitia
2305 2882 2680 2969 indicabis,

693 2999 1038 3083 quantum
1087 2984 1287 3055 iratis
1304 2976 1426 3078 ¹¹²⁸)
1470 2983 1903 3054 credendum
1938 2982 2049 3051 sit.
2144 2981 2327 3053 Nam
2375 3006 2501 3072 ego
2548 3009 2679 3054 nec

692 3086 996 3181 litigari,
1046 3109 1177 3156 nec
1206 3084 1536 3156 dimicari
1580 3106 1743 3154 cum
1780 3107 2139 3178 quoquam
2176 3084 2339 3154 volo
2356 3095 2380 3170 ',
2423 3109 2678 3179 meque

692 3206 763 3263 et
810 3192 988 3261 alios
1029 3210 1180 3258 non
1226 3186 1380 3255 sine
1421 3206 1679 3273 magno
1708 3185 1955 3256 dolore
1990 3183 2339 3276 reprimo,
2388 3188 2511 3255 sed
2559 3211 2680 3255 ex-
2721 3223 2722 3233 κ

691 3305 891 3386 pecto
938 3289 1265 3357 divinum
1312 3285 1689 3355 auxilium:
1757 3285 2053 3377 simplex
2119 3284 2496 3355 consilium
2547 3282 2680 3356 ha-

689 3395 829 3463 beo
849 3443 872 3475 ,
920 3400 993 3457 et
1022 3387 1116 3457 do
1135 3385 1339 3454 ¹idem
1370 3384 1568 3471 aliis,
1613 3398 1696 3456 ut
1722 3387 1993 3457 feratur
2023 3388 2213 3478 quod
2248 3409 2525 3458 necesse
2552 3376 2677 3463 est.

690 3489 890 3562 Bene
921 3502 992 3559 et
1014 3485 1320 3558 feliciter
1344 3484 1540 3567 vale,
1591 3485 1710 3556 die
1736 3483 1936 3556 xlx.
1964 3483 2168 3558 Maii.

1796 3581 2179 3679 Philippus
2221 3585 2573 3664 Melanth.

694 3946 829 4063 No.
854 3983 1082 4063 2944.

706 4081 1052 4117 W

2369 3998 2401 4058 1
2418 3996 2483 4058 9.
2500 3986 2672 4072 Maii.

2356 4080 2638 4111 §m

1270 4178 1429 4275 Ph.
1484 4178 2087 4295 Roseneekero.

831 4343 881 4417 ᾖ·
914 4343 991 4399 Ex
1014 4341 1326 4430 apographo
1353 4341 1414 4397 in
1441 4342 1566 4400 cod.
1592 4340 1817 4400 Monac.
1842 4342 1931 4397 90.
1961 4359 2055 4398 no.
2086 4339 2202 4398 vn.
2227 4358 2282 4415 p.
2310 4342 2443 4399 611³.

696 4493 1147 4573 Clarissimo
1180 4497 1370 4579 viro,
1416 4495 1814 4596 prudentia
1857 4506 1921 4571 et
1955 4497 2211 4572 virtute
2235 4501 2676 4600 praestanti,

696 4597 927 4694 Dom.
958 4591 1227 4668 Phili
1298 4621 1411 4692 po
1436 4593 2412 4694 Rosenecker,-Doctori
2439 4600 2676 4686 Ιυνίς,

699 4691 1176 4774 ΟαηὲιΙΙανίο
1270 4694 1622 4771 unsar-iss.
1663 4698 1909 4772 Ducis
1955 4700 2247 4774 Saxon.
2299 4700 2359 4773 I
2349 4698 2677 4776 ohannis

937 4813 949 4822 ·
1252 4793 1599 4880 Ernesti,
1646 4809 1968 4898 patrono
2003 4828 2158 4878 sue.

700 4911 1122 5011 clarissime
1196 4934 1330 5008 vir.

698 5140 1047 5213 Saxoniae
1077 5151 1206 5213 etc.
1248 5136 1604 5230 Principis
1645 5134 1985 5210 Iohannis
2018 5138 2342 5230 Ernesti,
2392 5160 2686 5238 propter

698 5242 1178 5312 valetudinem
1227 5239 1305 5309 in
1354 5239 1653 5331 patriam
1700 5242 2283 5332 proficisceretur,
2334 5257 2683 5337 me'roga-

701 5343 844 5427 vit,
895 5357 978 5414 ut
1023 5366 1095 5412 se
1128 5342 1333 5413 vobis
1380 5334 2235 5440 commendarem,-‘quod
2280 5371 2368 5416 eo·
2408 5350 2541 5429 feci
2588 5350 2680 5417 li-

700 5445 1019 5529 bentiuS,
1064 5443 1233 5537 quia
1274 5443 1416 5511 scio
1442 5497 1463 5528 ,
1509 5467 1639 5514 vos
1680 5466 1811 5538 pro
1840 5447 2211 5526 excellenti
2248 5463 2473 5521 vestra
2508 5475 2682 5542 pru-

703 5546 947 5616 dentia
991 5557 1062 5614 et
1106 5546 1341 5614 favere
1366 5545 1577 5615 bonis
1624 5546 1970 5637 ingeniis,
2026 5562 2132 5634 et,
2182 5549 2312 5620 ubi
2352 5554 2683 5622 concedi-

770 5840 829 5906 *)
868 5876 904 5910 „
919 5838 1160 5892 Sabinus
1176 5835 1364 5909 Spirae
1390 5832 1509 5900 vult
1534 5837 1818 5909 repudiare
1846 5839 2080 5915 Philippi
2107 5841 2331 5899 filiam.·’
2401 5844 2464 5899 C.
2500 5836 2611 5899 W.

771 5920 870 5991 ²⁸¹³)
906 5920 975 5978 G.
999 5920 1222 5978 Sabino.
2326 5954 2332 5957 -

1829 780 2724 867 EPISTOLARUM
2806 787 3210 872 m·B.1x.
3311 743 3582 874 1⁵44.

2721 3902 2722 3909 Ν
2769 3964 2904 4042 No.
2937 3962 3167 4043 2945.

1494 4932 1679 5006 Cuin
1768 4932 1888 5012 hic
1987 4938 2333 5029 Magister
2414 4936 2676 5011 Simon
2725 5012 2726 5019 χ

698 5031 1101 5125 Schwalb,
1150 5036 1620 5108 consobrinus
1652 5035 2024 5110 Secretarii
2069 5040 2427 5117 Illustriss.
2456 5041 2679 5114 Ducis
2725 5082 2726 5088 κ

4514 793 4749 869 '396

2720 1024 2721 1029 ,
2757 977 2915 1050 tur,
2962 964 3269 1034 libenter
3322 962 3404 1035 ea⁴
3433 965 3787 1039 adiuvare.
3891 961 4128 1035 Tanta
4163 976 4263 1035 est
4312 977 4550 1035 autem
4582 990 4749 1037 eru.-

2762 1066 2939 1137 ditio
3005 1065 3086 1133 in
3141 1061 3592 1158 philosophia
3642 1080 3712 1137 et
3761 1067 4025 1155 graecis
4077 1079 4148 1135 et
4208 1066 4451 1134 latinis
4503 1068 4752 1155 literis,

2763 1178 2960 1239 tanta
2985 1165 3272 1237 virtutis
3317 1182 3385 1238 et
3432 1167 3654 1237 animi
3683 1168 4075 1237 moderatio
4122 1167 4201 1235 in
4241 1162 4375 1236 hoc
4419 1165 4753 1257 Simone,

2761 1268 2956 1341 utin
2985 1262 3367 1338 Academia
3413 1281 3654 1347 nostra
3702 1293 3743 1339 a
3772 1268 3997 1337 doctis
4031 1269 4370 1339 omnibus
4417 1284 4489 1342 et
4535 1272 4753 1342 bonis

2763 1371 3035 1441 cunctis
3080 1368 3377 1461 plurimi
3417 1370 3560 1442 fiat.
3661 1365 3770 1440 Ac
3812 1391 4054 1461 spero,
4103 1371 4465 1457 futurum,
4529 1386 4613 1444 ut
4655 1373 4752 1443 li-

2763 1470 3015 1551 benter
3065 1494 3230 1540 eum
3288 1471 3853 1564 complectamini
3910 1484 4202 1561 cogente
4265 1473 4417 1542 eius
4462 1473 4750 1559 virtute,

2764 1574 2888 1642 sed
2930 1570 3112 1641 illud
3150 1571 3363 1643 etiam
3409 1597 3577 1659 oro,
3625 1588 3742 1658 ut,
3791 1573 3849 1640 si
3880 1573 4016 1643 erit
4043 1572 4354 1656 occasio,
4405 1576 4744 1647 adiuvare

2764 1696 2930 1744 enm
2972 1673 3267 1747 velletis.
3368 1672 3531 1744 Non
3582 1697 3864 1766 operam
3916 1695 4113 1743 suam
4147 1670 4429 1744 scholae
4461 1668 4749 1745 Gobar-

2759 1773 3041 1868 gianae
3070 1774 3367 1860 obtulit,
3420 1776 3508 1845 de
3537 1800 3674 1869 qua
3706 1799 3862 1845 cum
3895 1776 3983 1843 ad
4022 1798 4132 1844 me
4149 1775 4451 1846 Senatus
4465 1775 4748 1848 Cobur-

2765 1876 2998 1967 gensis
3053 1875 3369 1968 scripsit,
3436 1877 3869 1947 mentionem
3933 1869 4148 1946 huius
4208 1876 4334 1947 feci
4353 1869 4449 1970 ¹¹²).
4575 1880 4750 1949 Scio

2768 1976 2993 2063 enim,
3042 1999 3193 2046 non
3226 1977 3456 2056 solum
3490 1977 3887 2047 eruditione
3920 1979 4277 2066 praeclare
4321 1978 4743 2051 instructum

2767 2100 2959 2163 esse,
3020 2079 3146 2147 sed
3198 2077 3412 2150 etiam
3457 2079 3755 2149 consilio
3807 2076 4118 2166 pollere,
4186 2101 4267 2148 ac
4308 2079 4546 2148 videre
4595 2106 4740 2173 quo

2767 2179 3045 2265 ordine,
3085 2201 3225 2271 qua
3253 2179 3368 2248 via
3400 2178 3788 2250 iuventutis
3817 2179 4046 2248 studia
4081 2179 4158 2247 in
4188 2179 4413 2249 literis
4444 2185 4749 2270 regenda

2769 2293 2840 2350 et
2880 2275 3339 2372 provehenda
3380 2279 3546 2356 sint.
3656 2279 4004 2350 Valetndo
4047 2303 4210 2349 eum
4253 2275 4618 2366 hortatur,
4669 2297 4750 2353 ut

2770 2380 2850 2450 in
2880 2380 3180 2471 patriam
3215 2382 3494 2467 redeat,
3541 2382 3812 2475 alioqui
3830 2380 3913 2447 -in
3934 2374 4313 2451 Academia
4344 2383 4582 2451 locum
4618 2378 4752 2453 ho-

2770 2493 3052 2576 nestum
3095 2476 3471 2553 habiturus
3516 2496 3702 2567 erat,
3754 2496 3823 2552 et
3861 2476 4186 2562 habebit,
4230 2481 4610 2576 siquando
4661 2488 4752 2554 ad

2770 2604 2925 2652 eam
2955 2582 3258 2663 redibit,
3312 2584 3504 2675 quod
3535 2583 3823 2677 quidem
3859 2583 4086 2652 facere
4127 2601 4285 2651 enm
4326 2607 4754 2677 magnopere

2771 2683 3100 2776 optarim.
3200 2680 3386 2753 Nam
3424 2683 3488 2753 si
3528 2685 3610 2753 in
3646 2679 3778 2754 hac
3822 2683 4232 2755 assiduitate
4265 2684 4593 2755 discendi·
4616 2688 4753 2756 ab-

2771 2784 3075 2854 solveret
3108 2778 3440 2856 inchoata
3470 2779 3963 2876 philosophiae
3993 2786 4151 2854 stud
4162 2784 4224 2853 ia
4243 2839 4265 2869 ,
4294 2809 4549 2876 magno
4586 2813 4752 2859 eum

2772 2897 3195 2955 ornamento
3225 2886 3597 2956 universae
3636 2884 4066 2956 Germaniae
4103 2887 4261 2964 sore
4285 2910 4431 2957 non
4466 2891 4755 2962 dubita-

2770 3008 2944 3060 rem.
3046 2982 3210 3073 Qua
3251 2987 3340 3055 de
3382 3010 3461 3057 re
3518 2988 3825 3078 cogitare
3867 3010 3995 3056 vos
4034 2988 4360 3079 optarim.
4455 2988 4638 3060 Nam
4689 2994 4753 3061 si

2770 3081 2907 3156 hoc
2935 3086 3301 3175 ingenium
3320 3082 3736 3181 *provehetis
3768 3103 3834 3159 et
3863 3082 4292 3159 authoritate
4306 3104 4535 3161 vestra
4562 3098 4754 3185 apud

2771 3183 3165 3278 principem
3199 3187 3662 3275 adiuvabitis,
3708 3191 3897 3259 inter
3931 3202 4200 3259 caetera
4229 3205 4462 3262 vestra
4500 3196 4755 3268 merita

2760 3309 2933 3377 erga
2977 3289 3489 3380 rempublicam
3524 3286 3661 3361 hoc
3704 3312 3990 3384 quoque
4033 3291 4455 3361 beneficium
4501 3318 4760 3365 nume-

2771 3388 3068 3462 rabitur.
3168 3386 3363 3461 Haec
3413 3391 3659 3482 scripsi
3700 3394 3790 3460 ad
3834 3414 3964 3462 vos
4009 3391 4316 3484 simplici
4339 3393 4618 3480 animo,
4670 3422 4757 3468 ac

2769 3513 2944 3581 rogo
2975 3502 3058 3559 ut
3082 3512 3272 3561 meas
3315 3490 3555 3563 literas
3586 3493 3761 3563 boni
3798 3493 4205 3568 consulatis.
4305 3490 4390 3567 B.
4430 3493 4519 3569 V.
4631 3499 4753 3574 19.

2771 3590 2955 3661 Maii
2995 3586 3219 3668 1544.

4433 3988 4549 4048 23.
4582 3981 4759 4048 Man.
4810 3957 4819 3962 ’

2940 4094 2944 4098 ‘
3215 4132 3220 4142 ι
3314 4116 3485 4253 ἱΜ.
3543 4164 4165 4281 Meienburgsb.
4463 4075 4743 4106 Μ

2974 4316 3146 4394 epm.
3171 4316 3266 4374 nb.
3300 4317 3371 4372 V.
3402 4337 3455 4391 p.
3480 4320 3586 4377 697
3610 4340 3694 4393 sq.

2818 4449 3293 4540 Michaels‘
3339 4455 4028 4558 Meienburge'o,
4092 4453 4420 4539 Consule·
4459 4465 4702 4546 Nort-

3609 4556 3925 4638 hamno,

2769 4675 2858 4767 S.
2899 4692 2991 4769 D.
3095 4694 3286 4767 Mira
3326 4692 3511 4766 mihi
3552 4718 3636 4766 ex
3665 4696 4043 4771 Conventa
4067 4699 4391 4794 Spirensi
4427 4720 4495 4776 et
4527 4710 4762 4781 multa

2771 4798 3201 4868 scribuntur.
3287 4795 3429 4867 Sed
3460 4793 3596 4867 hoc
3626 4801 4083 4893 praecipuum
4113 4819 4234 4875 est.
4314 4803 4579 4876 Iterum
4619 4812 4762 4883 erit

2768 4894 3183 4970 Conventus
3208 4920 3450 4967 mense
3483 4894 3827 4983 Octobri,
3882 4904 3961 4972 in
3997 4931 4138 4998 quo
4168 4906 4321 4976 vult
4352 4904 4761 4998 Imperator

2771 4998 3014 5094 perfici
3055 4997 3625 5070 conciliationem
3680 5006 4131 5093 dogmatum,
4180 5022 4314 5099 *aut
4373 5009 4524 5100 ipse
4584 5037 4764 5103 pro-⁴

2772 5100 3239 5172 nunciaturus
3289 5116 3426 5186 est,
3475 5103 3652 5197 quid
3703 5108 3962 5175 sentire
4011 5109 4100 5176 de
4145 5106 4519 5199 Religione
4574 5113 4764 5184 Ger-

2771 5225 3021 5273 manos
3068 5205 3258 5273 velit.
3362 5203 3443 5274 Si
3487 5199 3623 5275 hoc
3666 5207 3820 5287 fiet,
3867 5232 4050 5277 nova
4085 5223 4154 5278 et
4193 5212 4440 5307 ingens
4475 5229 4756 5305 pertur-

2776 5304 2969 5375 batio
3024 5306 3161 5376 erit
3215 5303 3699 5397 Reipublicae.
3813 5307 3952 5378 Sed
4002 5307 4194 5379 Deus
4264 5300 4434 5400 haec
4500 5318 4760 5404 guber-

2776 5407 2996 5479 nabit.
4391 5410 4395 5413 “

2978 5504 3169 5576 Illud
3201 5528 3327 5574 vos
3378 5530 3526 5581 oro.
3631 5505 3840 5578 Mille
3884 5535 4132 5583 aureos
4159 5517 4346 5606 apud
4395 5542 4504 5586 me
4537 5507 4761 5611 depo-

2775 5607 2917 5678 suit
2976 5605 3246 5699 puella,
3312 5608 3456 5677 filia
3499 5605 3828 5681 Doctoris
3871 5600 4337 5703 Christiani,
4417 5631 4755 5714 tanquam

2845 5924 2907 5995 st)
2946 5921 3067 5978 vid.
3094 5940 3177 5995 cp.
3205 5920 3260 5978 d.
3287 5921 3370 5979 14.
3395 5922 3546 5979 Maii.
