5325 6917
298 677 376 758 ⁰1⁹
878 659 1316 740 EPISTOLARUM
1367 659 1472 736 [ΑΒ.
1506 660 1571 742 ΙΧ.
1625 661 1758 738 asts
2279 663 2359 740 tm

301 868 436 936 motus,
466 848 509 917 iis
529 841 730 928 sententiis,
763 863 852 935 quae
874 841 1183 932 proponebantur,
1209 861 1295 907 con-
1346 835 1410 905 tirn
1425 831 1586 932 (cum)²)
1608 836 1648 906 in
1664 829 1735 908 boc
1750 839 2016 928 argumentum!
2032 841 2208 933 pietatem
2231 837 2351 910 utilis-

301 967 475 1050 gruentes.
533 949 693 1040 Eamque
723 945 767 1012 ad
797 967 871 1012 rem
897 955 1056 1012 veterum
1077 941 1294 1012 consuetudo
1346 939 1435 1009 simo
1452 935 1683 1027 adhibeatur,
1706 953 1874 1030 utantur,
1893 964 2108 1036 magnopere
2123 967 2191 1014 eos
2214 935 2350 1014 adhor-

301 1059 451 1130 maxime
469 1051 620 1143 profuit,
646 1047 707 1138 qui
723 1047 766 1113 ad
783 1058 942 1128 cantum,
968 1046 1011 1114 ad
1026 1045 1109 1112 fides
1125 1043 1295 1132 adiunge-
1346 1054 1413 1116 tor.
1471 1041 1573 1132 Quae
1597 1043 1694 1112 enim
1716 1041 1857 1116 Musica
1886 1045 1954 1136 piis
1974 1060 2012 1116 et
2033 1047 2140 1116 bonis
2164 1047 2352 1116 mentibus

302 1165 391 1233 bant
407 1157 532 1232 verba,
560 1163 599 1220 ut
620 1148 726 1216 simul
742 1147 983 1236 perferrentur
1003 1147 1047 1216 ad
1068 1170 1170 1215 aures
1191 1159 1295 1238 atque
1347 1145 1538 1214 iucundior
1550 1169 1624 1214 esse
1638 1159 1772 1237 potest,
1793 1169 1899 1241 quam
1915 1171 2002 1240 quae
2018 1173 2096 1219 non
2111 1149 2229 1220 modo
2250 1171 2350 1218 aures

302 1262 442 1334 animos
473 1252 660 1324 hominum
687 1248 881 1320 sententiae
910 1249 1006 1316 sonis
1035 1248 1294 1318 convenientes.
1348 1247 1541 1331 demulcet,
1580 1249 1641 1318 sed
1675 1249 1782 1318 simul
1816 1249 1966 1340 pectoris
1996 1251 2124 1336 libras,
2175 1265 2349 1344 tanquam

302 1363 400 1435 llaec
416 1354 600 1428 hannonia
617 1353 682 1420 ciet
697 1353 858 1421 ardentes
873 1364 989 1420 motus
1012 1349 1049 1418 in
1067 1351 1204 1422 animis.
1247 1348 1297 1420 Ut
1348 1343 1515 1434 chordas,
1538 1349 1652 1440 tangit
1674 1363 1708 1419 et
1730 1351 1857 1419 rnodus
1881 1350 1951 1420 ciet
1975 1351 2120 1422 divinos
2143 1353 2189 1422 in
2213 1353 2351 1436 animis,

302 1467 411 1556 igitur
427 1451 795 1537 ceteraChristidicta‚
823 1454 923 1537 faeta,
953 1466 1014 1522 aut
1029 1453 1196 1520 beneficia
1213 1475 1297 1520 can·
1348 1475 1387 1518 ac
1411 1465 1546 1520 mentes
1567 1451 1847 1540 adagnitionem
1864 1449 1932 1520 Dei
1955 1455 2071 1544 rapit?
2122 1451 2347 1546 llicpraeci-

304 1581 344 1637 tu
375 1564 551 1632 celebrare
582 1559 746 1646 prodest,
781 1557 830 1623 ita
861 1555 1011 1622 maxime
1036 1557 1078 1622 acl
1112 1549 1295 1624 historiam
1349 1575 1438 1642 puus
1455 1552 1558 1622 initio
1573 1554 1638 1622 fuit
1655 1551 1813 1622 Musicae
1828 1577 1924 1626 usus.
1949 1550 2007 1622 Ad
2023 1551 2122 1626 hunc
2137 1557 2256 1624 fanecn
2273 1581 2347 1626 cum

304 1665 430 1736 mortis
454 1663 529 1730 eius
550 1654 751 1728 adhibenda
776 1670 827 1724 est
844 1655 991 1728 Musica.
1044 1655 1201 1724 Maxime
1219 1656 1295 1724 lau·
1348 1654 1520 1722 divinitas
1537 1657 1664 1725 tradita
1676 1655 1739 1739 sit,
1766 1670 1817 1726 est
1835 1656 1913 1746 piae
1929 1657 2076 1741 mentis,
2093 1657 2261 1726 libenter
2277 1681 2348 1728 eam

305 1771 410 1839 datur
434 1766 470 1832 in
489 1759 644 1830 Ecclesia
667 1759 831 1848 cogitatio
857 1759 899 1826 de
926 1771 1038 1827 morte
1054 1753 1205 1827 Christi:
1233 1781 1297 1825 nec
1349 1751 1415 1824 hoc
1438 1758 1545 1824 modo
1567 1759 1773 1840 transferre,
1798 1771 1840 1826 ut
1862 1770 2029 1828 cantuum
2054 1755 2274 1828 harmoniae
2291 1783 2349 1828 re-

305 1893 389 1938 vero
409 1866 534 1936 utilius
551 1863 743 1954 quidquam
762 1861 869 1928 estad
888 1861 1105 1928 excitandam
1122 1861 1297 1950 pietatem,
1349 1860 1520 1948 spondeat
1542 1859 1602 1928 illa
1619 1860 1700 1926 viva
1723 1859 1762 1926 iu
1784 1858 1913 1927 animis
1932 1855 2122 1928 harmonia
2148 1875 2188 1930 et
2212 1862 2348 1952 piorum

305 1993 412 2064 quam
445 1967 540 2035 illius
572 1964 773 2031 admirandi
802 1963 918 2052 operis
948 1962 1194 2032 consideratio.
1254 1958 1295 2027 ln
1349 1961 1548 2028 adfectuum
1580 1960 1811 2034 concinnitas.
1881 1957 1979 2029 Bene
2007 1961 2106 2046 vale,
2143 1957 2350 2032 Christiane

305 2067 372 2140 hac
406 2067 558 2155 imagine
582 2065 759 2133 cernimus
788 2063 961 2132 infinitam
993 2086 1065 2131 csse
1096 2062 1297 2131 misericor·
1350 2062 1469 2131 lector.

305 2173 402 2243 diam
416 2169 483 2238 Dei
507 2191 587 2254 erga
613 2190 695 2244 nos,
723 2190 763 2232 eo
781 2166 874 2255 qrrod
900 2164 1011 2232 lilium
1031 2189 1094 2255 pro
1118 2165 1223 2232 nobis
1243 2164 1296 2230 vi-

306 2275 448 2344 etimam
465 2271 540 2337 fieri
557 2267 680 2337 voluit.
734 2265 899 2334 'l'cstatur
916 2279 950 2334 et
969 2267 1078 2349 illud,
1106 2291 1186 2334 vere
1205 2288 1240 2332 se
1265 2277 1299 2332 et
1776 2303 1791 2310 -
1824 2300 2147 2310 ·-----------
2175 2303 2209 2312 --
2240 2303 2337 2312 ---

306 2371 527 2444 horribiliter
552 2369 653 2437 irasci
681 2383 838 2456 peccato,
865 2391 943 2434 cum
966 2391 1039 2435 non
1063 2368 1129 2434 alin
1147 2365 1298 2448 victima,

305 2501 380 2545 non
403 2474 482 2542 aliis
506 2471 631 2541 officiis
656 2469 787 2559 placari
810 2469 984 2550 voluerit,
1012 2469 1079 2535 nisi
1096 2469 1159 2534 lilii
1175 2481 1298 2538 morte.
1351 2459 1416 2529 No.
1432 2455 1546 2532 3848.

306 2578 430 2668 ltaque
460 2575 504 2642 ad
535 2573 771 2656 castigandam
806 2568 1026 2636 securitatem
1054 2569 1092 2634 in
1119 2569 1299 2636 mentibus
1362 2554 1530 2584 Μ

304 2678 493 2752 hominum
511 2670 596 2741 haee
613 2673 685 2760 ipsa
704 2666 850 2736 historia
867 2669 1102 2736 efficacissima
1120 2682 1181 2738 est.
1226 2667 1299 2738 Cu-

306 2784 362 2852 ius
379 2791 430 2846 est
444 2773 537 2843 enim
554 2786 623 2839 tam
639 2770 772 2836 ferreus
784 2767 939 2852 animus,
961 2784 1091 2839 utnon
1106 2784 1300 2852 moveatur,

307 2884 336 3000 si
353 2880 471 2994 Vidi-iat
492 2888 561 2943 mm
584 2867 778 2940 horrendas
804 2893 933 2988 poenis
948 2871 1037 2938 som
1057 2897 1121 2962 pro
1139 2887 1298 2962 peccaloi
1454 2937 1563 2991 Clariss.
1576 2937 1767 3002 Schoenborn,
1789 2939 1896 3004 (loanni
1911 2937 1987 2991 Guil.
2000 2939 2132 2993 Fischero
2147 2939 2191 2990 die
2213 2933 2238 2990 3.
2254 2937 2348 2991 Martii

307 3009 336 3054 ⁵¹
352 2990 495 3068 cogneis
519 2974 634 3043 Deum
652 2975 738 3041 ³d⁰⁰
754 2997 905 3041 emtam
924 2987 1121 3064 peccalum,
1147 2987 1187 3042 ul
1202 2973 1300 3040 ”Ulla
1453 3006 1517 3058 anni
1535 3007 1608 3058 1838.
1622 3007 1780 3060 memoriam
1796 3007 1916 3058 muneris
1931 3005 2347 3077 ecclesiasticiantcbosquin-

306 3083 465 3162 victima‚
497 3075 566 3145 nisi
590 3075 759 3162 sanguine
786 3074 851 3142 filii
874 3074 1096 3144 reconciliari
1122 3073 1301 3166 potuerit?
1451 3075 1837 3198 ppeeiptaan¹10³⁸uspepti.
1863 3073 1907 3142 pie
1926 3075 2076 3178 celebranti
2089 3075 2293 3145 -gretutaor
2312 3075 2348 3129 Ι).

307 3184 445 3256 Deinde
470 3177 748 3247 innumerabiles
769 3176 939 3244 utilitates
961 3176 1047 3244 alias
1068 3177 1179 3244 adfert
1202 3175 1300 3263 cogi·
1492 3163 1514 3200 Γ·
1530 3143 1720 3196 schoeoborn.
1734 3143 1843 3196 “³¹¹⁸'‘
1861 3143 1937 3196 ¹⁸³⁸·
1954 3147 1979 3197 4.
1998 3145 2086 3216 P·⁷·⁴·

307 3287 393 3358 tatio
423 3280 530 3350 huius
561 3275 741 3350 historiae.
801 3276 899 3365 Quid
928 3278 1039 3364 magis
1064 3277 1237 3346 mirantur
1261 3301 1300 3344 ac

307 3389 465 3458 fremunt
491 3380 652 3448 omnium
678 3375 864 3446 hominum
890 3379 1007 3449 intimi
1029 3403 1168 3462 sensns,
1194 3402 1300 3470 quam

309 3488 372 3584 qni
393 3486 473 3564 fiat,
498 3493 538 3549 ut
556 3475 640 3548 haee
665 3479 851 3547 imbecillis
867 3495 992 3550 natura
1010 3477 1197 3549 hominum
1221 3494 1301 3549 tan-

309 3593 355 3661 tis
385 3581 641 3656 calamitatibus
667 3593 810 3649 onerata
838 3582 907 3648 sit?
963 3581 1035 3650 Nec
1058 3577 1302 3672 Philosophia,

310 3715 354 3762 ne
377 3688 451 3758 ulla
475 3683 645 3772 sapientia
661 3681 821 3748 invenire
837 3703 992 3750 caussam
1009 3697 1137 3772 potest:
1165 3707 1246 3752 casu
1268 3697 1302 3751 et
1353 3665 1507 3756 Utinam
1523 3687 1675 3775 cogitare
1692 3701 1827 3757 mentes
1841 3700 1983 3756 nostrae
1996 3699 2161 3776 possent,
2176 3703 2346 3780 quantum

311 3807 434 3864 contra
458 3786 620 3854 ordinem
645 3783 734 3852 rullo
757 3777 824 3850 hoc
845 3782 1002 3850 accidere
1029 3784 1171 3855 iudicat.
1232 3783 1302 3854 Sed
1355 3789 1422 3858 Dei
1446 3789 1654 3858 beneficium
1678 3788 1743 3872 sit,
1774 3789 1871 3880 quod
1896 3786 2010 3856 voluit
2031 3811 2069 3854 se
2085 3787 2192 3858 certis
2216 3803 2254 3860 et
2266 3791 2346 3862 illu-

311 3897 349 3966 in
371 3889 437 3962 hac
462 3887 614 3974 imagine
635 3881 770 3954 Christi
801 3884 1032 3972 intelligimus
1057 3909 1230 3964 caussam,
1265 3909 1303 3952 ac
1355 3893 1487 3963 stribus
1514 3889 1724 3960 testimoniis
1754 3891 1947 3980 patefacere
1976 3887 2098 3978 generi
2127 3885 2287 3960 humano
2313 3905 2346 3962 et

311 3997 473 4064 videmus
493 4011 564 4054 non
588 4000 735 4066 temere,
762 4009 836 4052 non
856 4008 954 4065 casu,
981 4008 1090 4074 genus
1107 3981 1303 4056 humanum
1357 3995 1504 4064 reddere
1519 3993 1623 4061 nobis
1636 3991 1745 4061 vitem
1760 4005 1938 4060 aeternam
1948 4003 2094 4080 propter
2106 3991 2222 4062 filium
2239 4018 2350 4078 suum,

313 4093 420 4167 tantis
445 4087 625 4158 aerumnis
648 4086 842 4154 ⁰lt¹¹0tl¹¹m
864 4109 945 4156 e⁵⁸⁰·
999 4085 1046 4156 El
1070 4113 1149 4166 cum
1177 4090 1213 4156 ln
1239 4084 1304 4156 hac
1356 4095 1551 4166 Dominum
1567 4106 1727 4163 nostrum
1744 4087 2049 4162 lesumChristum
2063 4094 2271 4164 crucifixum
2284 4120 2349 4187 pro

312 4193 462 4266 historia
486 4189 715 4277 contemplati
739 4187 911 4256 fuerimus
934 4186 1110 4274 ingentem
1133 4191 1220 4258 iram
1237 4187 1305 4258 Dei
1357 4198 1461 4268 nobis
1477 4210 1510 4267 et
1525 4196 1781 4268 resuscitatum,
1832 4191 1929 4264 Haec
1952 4186 2091 4286 must)
2119 4197 2263 4284 eogitari
2284 4221 2349 4268 ne.

314 4301 482 4370 adversus
503 4303 701 4381 peecatum,
734 4289 1012 4358 misericordiam
1037 4287 1104 4358 Dei
1127 4315 1206 4380 erga
1230 4315 1306 4374 nos,
1358 4313 1528 4370 eesseest,
1581 4293 1628 4366 Et
1645 4297 1683 4364 in
1700 4290 1767 4364 hae
1781 4296 1982 4384 cognitione
2006 4296 2125 4364 lucem
2141 4321 2259 4366 veram
2280 4300 2350 4390 spi-

314 4425 403 4494 quos
420 4394 507 4465 Filii
524 4406 637 4460 morte
656 4393 812 4481 placatus
828 4391 956 4459 liberat
969 4391 1013 4458 ab
1031 4393 1180 4461 aeternis
1193 4393 1307 4474 malis,
1357 4403 1428 4473 ritu
1452 4414 1573 4469 saneto
1599 4399 1637 4467 in
1658 4398 1764 4466 nobis
1786 4394 1882 4466 Deus
1907 4395 2077 4469 attendit,
2131 4395 2279 4470 Necesse
2300 4417 2349 4472 eet

2185 2467 2246 2527 boe
2259 2487 2347 2526 enno.

2171 2555 2345 2588 *aa

1696 2641 1996 2750 (Inscriptio)

1419 2801 1513 2854 Bibllis
1526 2801 1634 2854 butheri
1647 2802 1810 2872 gernranicis
1827 2801 1915 2867 (turdi
1927 2805 2003 2866 butt!
2018 2801 2105 2868 dulit,
2124 2804 2254 2858 sslllenb·
2271 2803 2349 2855 1641.

1450 2869 1522 2936 tot),
1540 2880 1684 2938 quaesunt
1704 2870 1732 2921 in
1747 2871 1910 2924 bibliotheca
1920 2870 2067 2924 Vratislav.
2083 2872 2226 2936 inscripta.
2246 2871 2348 2922 editae

1718 3295 1971 3398 (Inscriptio)

1452 3451 1598 3516 lllotthoei
1616 3460 1692 3521 17.:

1387 3561 1441 3614 Hic
1455 3571 1497 3614 cst
1503 3563 1585 3631 filios
1598 3578 1677 3614 meus
1686 3561 1803 3614 delectus
1823 3561 2026 3630 quatiebatur,
2045 3561 2139 3626 absum
2152 3565 2263 3617 audite.

315 4515 390 4572 tum
415 4494 717 4566 considerabimus
739 4515 896 4560 caussam
921 4492 1156 4562 calamitatum
1179 4489 1307 4561 huma-

316 4623 456 4672 narum.
508 4593 646 4664 Deinde
664 4595 955 4663 multavirtutum
976 4595 1132 4686 exempla
1150 4591 1207 4664 hic
1224 4620 1307 4685 pro-

315 4711 518 4796 ponuntur,
543 4721 632 4787 quac
647 4697 792 4764 recitare
811 4696 956 4784 longum
975 4710 1035 4768 est.
1077 4695 1196 4784 Quare
1214 4697 1308 4787 opti-

315 4831 373 4875 mo
397 4797 546 4870 consilio
570 4796 607 4861 in
630 4797 771 4864 eeclesia
795 4797 994 4868 institutum
1012 4811 1079 4882 est,
1106 4813 1145 4868 ut
1161 4813 1195 4868 et
1211 4797 1308 4867 statis

315 4901 535 4996 temporibus
567 4895 702 4982 integra
732 4891 878 4966 historia
906 4899 1048 4991 publice
1085 4899 1237 4989 legatur,
1275 4914 1309 4969 et

316 5010 402 5078 alias
428 5003 550 5071 crebro
574 5010 762 5088 repetatur.
815 4996 854 5064 ld
881 5001 1079 5088 exemplum
1102 5001 1233 5071 imitari
1258 4999 1309 5088 pii

317 5127 440 5179 omnes
455 5103 491 5169 in
510 5098 708 5169 domesticis
729 5096 901 5166 exercitiis
916 5100 1056 5170 debent.
1108 5099 1175 5168 Hic
1201 5098 1310 5188 igitur

317 5207 429 5284 edidit
460 5202 516 5270 vir
548 5201 702 5292 optimus
727 5191 911 5293 Georgius
936 5191 1056 5269 Rhau
1082 5197 1309 5286 Haemonias,

318 5305 449 5384 iudicio
474 5302 644 5386 delectas,
679 5315 719 5372 ut
750 5302 928 5371 interdurn
952 5316 1075 5372 cantus
1099 5298 1310 5373 adhibeatur

318 5416 362 5486 ad
383 5405 584 5482 excitandos
606 5404 754 5476 animos.
806 5400 874 5472 llis
894 5417 933 5474 ut
955 5405 1125 5491 studiosi,
1151 5428 1308 5497 praeser-

943 5612 1028 5624 ...m-

1358 4519 1475 4572 antem
1501 4499 1570 4570 hoc
1598 4501 1714 4590 ipsum
1738 4500 1888 4568 verbum
1908 4498 2075 4582 retineri,
2101 4499 2143 4568 in
2166 4527 2238 4594 quo
2258 4499 2348 4574 Deus

1358 4629 1394 4673 se
1418 4603 1595 4696 patefecit,
1621 4616 1654 4671 et
1680 4602 1806 4692 inquo
1829 4597 2006 4670 frliusDei
2029 4601 2140 4670 nobis
2165 4605 2348 4676 conciona-

1359 4722 1434 4785 tur,
1463 4707 1553 4776 sicut
1574 4699 1634 4773 hic
1657 4704 1783 4773 clamat
1804 4716 1966 4772 aeternus
1988 4714 2105 4792 pater:
2149 4701 2271 4797 Ipsum
2289 4731 2349 4778 eu·

1358 4812 1444 4883 due.
1861 4899 2303 5078 Philippgzglelantbon,

1392 5293 1421 5358 Ξ)
1439 5311 1504 5346 cum
1522 5291 1566 5348 bic
1583 5289 1687 5348 excidit.

1391 5377 1421 5445 ¹¹)
1440 5379 1533 5432 recte?

1560 5611 1627 5620 -·-—-
1651 5613 1686 5618 ....
1696 5611 1722 5620 ‚4
