5325 6917
755 675 902 755 t59
1813 732 1822 739 ,
1890 648 2758 732 EPISTOLARUM

793 871 882 921 ae
931 838 1304 916 conciones
1351 830 1766 908 convenisse
1786 821 1896 922 *).
2003 823 2305 899 Utinam
2372 845 2582 894 omen
2649 822 2747 892 sit

831 949 968 1031 lix,
1040 957 1113 1013 et
1160 961 1439 1031 semper
1489 945 1882 1026 congruant
1923 925 2315 999 Doctorum
2358 922 2745 995 sententiae

761 1064 832 1121 et
876 1041 1314 1117 voluntates!
1424 1036 1743 1109 Reverso
1811 1029 2045 1101 statim
2095 1039 2525 1098 monstratae
2578 1038 2749 1096 sunt

757 1148 1102 1243 epistolae
1150 1156 1313 1213 tuae
1369 1138 1458 1208 de
1508 1134 1829 1206 Danielis
1873 1127 2383 1215 Enarratione,
2459 1129 2548 1199 de
2608 1150 2748 1220 qua

759 1275 961 1324 nunc
991 1247 1280 1343 quidem
1306 1262 1563 1310 novam
1579 1232 2147 1327 Disputationem
2177 1256 2329 1302 non
2357 1230 2747 1301 instituam.

972 1380 1052 1452 Si
1094 1375 1322 1448 Iulius
1384 1383 1484 1441 est
1526 1391 1825 1463 parvum
1862 1388 2134 1452 cornu,
2205 1363 2320 1433 vel
2368 1359 2753 1452 Augustus,

764 1483 1129 1582 quomodo
1160 1473 1587 1546 convenient
1633 1482 1941 1555 caetera,
2005 1464 2198 1561 quod
2241 1464 2513 1536 bellum
2557 1473 2753 1553 gerat

766 1610 935 1660 cum
988 1577 1301 1661 Sanctis,
1357 1574 1557 1668 quod
1599 1594 1865 1640 novum
1919 1568 2281 1640 doctrinae
2319 1587 2548 1656 genus
2593 1562 2755 1633 orbi

766 1680 1113 1760 invehat?
1216 1675 1376 1750 Etsi
1406 1675 1563 1744 istic
1594 1670 1911 1743 fortassis
1937 1671 2068 1740 ‘ina
2101 1667 2603 1740 dissimilitudo
2637 1664 2757 1733 in-

771 1781 1293 1880 terpretationis
1329 1776 1704 1848 Sermones
1742 1774 2031 1865 praehet
2074 1771 2470 1862 aliquibus,
2499 1776 2754 1837 'tamen

768 1905 841 1962 te
873 1883 1249 1967 adhortor,
1299 1893 1516 1951 totam
1547 1871 1735 1945 hanc
1768 1898 1955 1960 rem,
2015 1886 2096 1942 ut
2139 1871 2420 1940 silentio
2467 1889 2758 1961 prorsus

774 1993 1074 2073 obruas,
1140 2009 1222 2056 ac
1267 2001 1557 2074 prorsus
1593 1975 2015 2047 dissimules.
2118 1970 2331 2043 Sinas
2372 1971 2439 2040 ei
2485 1970 2761 2062 placere

766 2116 981 2164 suum
1032 2103 1316 2178 poema,
1379 2105 1459 2151 ac
1504 2091 1735 2170 optes,
1786 2098 1876 2143 ne
1921 2074 1998 2142 in
2042 2072 2494 2162 dogmatibus
2541 2067 2761 2140 simili

766 2184 1153 2266 αὐθαδεία
1184 2185 1427 2254 ludere
1460 2177 1843 2271 aliqnando
1878 2173 2193 2267 incipiat.

981 2313 1068 2390 In
1097 2317 1367 2387 ditione
1415 2302 1849 2383 Coloniensi
1890 2305 2179 2377 exordia
2224 2300 2762 2376 instaurationis

778 2422 1298 2503 Ecclesiarum,
1347 2412 1484 2486 Dei
1515 2409 1894 2495 beneficio,
1942 2409 2124 2478 laeta
2159 2420 2358 2491 sunt3
2425 2407 2546 2475 sed
2587 2403 2764 2474 faci-

776 2528 962 2597 liora
1020 2532 1285 2605 essent,
1364 2516 1425 2587 si
1468 2538 1618 2585 non
1657 2511 2026 2611 ‘incidisset
2064 2508 2335 2579 bellum
2372 2504 2761 2598 Belgicum,

781 2629 979 2724 quod
1008 2622 1274 2695 moveri
1307 2640 1583 2710 semper
1623 2613 1861 2698 dolui,
1910 2625 1979 2684 et
2020 2608 2335 2682 fortassis
2377 2607 2762 2702 aliquando

783 2731 1164 2808 dolebunt,
1231 2734 1506 2791 motum
1552 2740 1736 2801 esse,
1789 2710 1906 2801 hi,
1971 2714 2095 2807 qui
2138 2710 2477 2784 Iuvenem
2505 2704 2764 2780 Iulia-

777 2853 1054 2904 aeensem
1082 2824 1589 2916 implicuerunt
1621 2815 1938 2888 Gallicae
1966 2812 2323 2887 Societati.

989 2963 1374 3050 Postquam
1418 2953 1636 3037 liber,
1710 2948 1835 3042 qui
1870 2948 2173 3017 formam
2234 2940 2633 3026 doctrinae,
2698 2951 2769 3008 et

787 3070 1057 3141 rituum
1104 3056 1452 3137 continet,
1517 3050 1879 3120 absolutus
1924 3060 2064 3132 est,
2112 3042 2508 3138 Episcopus
2537 3039 2769 3112 Senex

788 3162 1127 3241 adhibitis
1170 3156 1635 3238 Coadiutore‚
1695 3146 1983 3220 Decano
2029 3138 2312 3222 Comite
2349 3138 2770 3236 Stolbergio
2818 3152 2821 3202 ἵ

789 3284 862 3341 et
904 3266 1059 3337 aliis
1091 3258 1514 3355 quibusdam
1537 3250 2019 3335 consiliariis,
2085 3263 2155 3319 et
2196 3272 2345 3334 me,
2398 3258 2630 3316 totum
2677 3242 2770 3312 li-

784 3374 997 3442 brum
1031 3359 1336 3455 praelegi
1368 3354 1609 3434 iussit,
1661 3365 1923 3423 attente
1972 3348 2280 3435 audivit,
2332 3359 2403 3417 et
2444 3345 2769 3438 disputa-

788 3473 897 3544 vit
927 3475 1281 3545 accurate,
1330 3458 1390 3529 si
1421 3456 1595 3551 quid
1629 3453 1973 3537 occurrit,
2016 3452 2206 3544 quod
2245 3447 2355 3519 vel
2395 3445 2771 3518 correctio-

791 3594 983 3655 nem,
1030 3565 1146 3655 vel
1176 3558 1711 3653 explicationem
1746 3554 2105 3648 requirere
2130 3550 2521 3653 videbatur.
2618 3543 2772 3616 Ha-

791 3676 1006 3745 bebat
1055 3667 1146 3736 ad
1191 3684 1477 3733 manum
1526 3657 1820 3729 Sacrum
1859 3652 2234 3733 codicem,
2315 3651 2393 3721 in
2434 3673 2576 3745 quo
2620 3648 2772 3739 ipse

794 3773 1157 3845 interdum
1220 3759 1622 3834 testimonia
1685 3746 2111 3849 requirebat.
2243 3751 2552 3823 Miratus
2613 3773 2772 3818 sum

796 3897 948 3947 non
975 3870 1204 3941 solum
1253 3860 1691 3950 diligentiam
1737 3858 1923 3941 eiuS,
1984 3857 2108 3925 sed
2152 3854 2363 3925 etiam
2407 3851 2776 3933 iudicium,

797 3975 991 4072 quod
1034 3966 1348 4040 fortassis
1390 3962 1539 4043 illi,
1600 3959 1727 4053 qui
1774 3981 1935 4027 eum
1984 3979 2133 4027 non
2172 3965 2496 4033 norunt,·
2525 3951 2594 4021 ei
2623 3974 2775 4020 non

795 4079 1146 4152 tribuunt.
1222 4065 1363 4138 Sed
1397 4057 1575 4133 mihi
1610 4060 1851 4144 crede,
1893 4081 2044 4128 non
2073 4055 2367 4140 delirat,
2419 4067 2489 4125 et
2513 4066 2614 4123 est
2644 4075 2775 4121 na-

796 4198 956 4253 tura
1002 4159 1455 4267 φιλαληθής,
1524 4177 1592 4233 et
1633 4156 1760 4231 has
1806 4157 2318 4229 controversias
2359 4156 2448 4226 de
2485 4152 2665 4225 Fide
2706 4163 2776 4222 et

794 4303 961 4352 vera
993 4269 1447 4342 luvocatione
1494 4267 1734 4333 dextre
1769 4259 2121 4357 intelligit.
2216 4256 2600 4350 Postquam
2641 4254 2778 4344 igi-—

797 4398 916 4454 tur
945 4378 1207 4447 librum
1236 4371 1384 4461 ipse
1428 4362 1953 4454 comprobavit,
2016 4358 2278 4428 indixit
2305 4354 2778 4439 Conventum,

799 4484 878 4552 in
912 4501 1050 4573 quo
1081 4495 1189 4542 res
1223 4470 1502 4540 eaedem
1549 4466 1807 4534 iterum
1850 4463 2039 4532 inter
2077 4459 2493 4552 praecipuos
2530 4456 2779 4548 dispu-

796 4598 981 4656 tatae
1008 4587 1193 4683 synt.

1006 4704 1331 4779 Tandem
1352 4696 1703 4780 Comites,
1743 4690 2092 4787 Equester
2120 4688 2327 4764 Ordo
2351 4746 2374 4777 ,
2424 4703 2495 4762 et
2533 4687 2781 4778 Legati

798 4812 1224 4890 Civitatum,
1271 4824 1528 4890 magno
1560 4820 1904 4867 consensu
1945 4793 2250 4887 polliciti
2286 4803 2489 4876 sunt,
2536 4813 2610 4861 se
2638 4786 2781 4860 Ec-

799 4915 1042 4990 clesias
1073 4910 1159 4980 ad
1202 4925 1524 4974 normam
1570 4896 2000 4990 propositam
2048 4897 2562 4966 instauraturos
2611 4914 2780 4960 esse.

799 5011 1154 5090 Convenit
1228 5018 1466 5075 autem
1541 5022 1793 5069 norma
1865 4996 2238 5088 praecipue
2303 5017 2467 5067 cum
2532 5006 2780 5066 vestra.

800 5118 1008 5192 Hanc
1038 5110 1231 5181 enim
1260 5103 1525 5175 imitari
1558 5095 1921 5171 Buces-um
1953 5098 2273 5174 iusserat.

1004 5254 1377 5352 Groperus
1410 5250 1486 5319 in
1518 5245 1896 5319 Conventu
1922 5242 2177 5315 acriter
2199 5241 2496 5333 Collegii
2541 5240 2781 5313 nomi-

800 5392 891 5440 ne
935 5355 1390 5454 repugnavit,
1465 5350 1595 5421 etsi
1652 5361 1822 5418 sunt
1860 5347 1939 5415 in
1980 5342 2299 5435 Collegio
2344 5344 2554 5414 multi
2597 5346 2778 5414 bene

799 5467 1197 5542 sentientes.
1298 5454 1443 5528 sed
1475 5444 1851 5544 Groperus
1880 5461 1948 5520 et
1971 5446 2183 5539 pauci
2220 5445 2347 5518 alii
2388 5445 2780 5517 defendunt
2831 5471 2834 5551 3

804 5688 964 5702 ...α-ν·-

867 5826 940 5897 *)
970 5825 1011 5877 i.
1038 5839 1088 5876 e.
1125 5816 1204 5871 15.
1232 5812 1374 5883 Α...

4566 598 4585 611 ’
4682 650 4836 725 160

2851 823 3083 997 ldcpla,
3126 828 3386 920 partim
3412 829 3839 918 ambitione,
3887 827 4146 924 partim
4180 841 4472 922 propter
4504 824 4678 897 alias
4709 847 4838 896 cu·-

2847 952 2920 1018 pl
2972 941 3196 1004 nates.

2870 651 3087 732 LIB.
3150 654 3280 736 IX.
3385 652 3648 737 1543.

3048 1057 3287 1131 Habes
3329 1084 3675 1131 summam
3706 1058 4068 1132 Historiae
4112 1083 4387 1148 veram,
4439 1083 4652 1154 quam
4697 1057 4838 1128 im-

2848 1163 3107 1254 perties
3139 1176 3205 1232 et
3230 1158 3322 1236 D.
3348 1159 3827 1258 Hieronymo.

3052 1289 3111 1365 I
3107 1287 3523 1365 oachimum
3571 1290 3980 1364 Mollerum
4030 1290 4643 1385 Hamburgensem
4702 1292 4842 1365 tibi

2852 1399 3300 1482 commendo,
3339 1410 3410 1467 et
3441 1398 4011 1495 commendarem
4045 1396 4372 1487 pluribus
4401 1396 4659 1480 verbis,
4676 1393 4842 1465 ‘nisi

2854 1502 3144 1597 scirem,
3205 1498 3341 1569 tibi
3386 1522 3548 1571 eum
3596 1512 3845 1568 notum
3886 1520 4053 1568 esse.
4159 1495 4363 1567 Valet
4403 1496 4729 1589 ingenio,
4769 1508 4844 1567 et

2856 1624 2928 1672 se
2959 1604 3049 1672 ad
3079 1599 3335 1691 Remp.
3372 1615 3737 1693 praeparat
3767 1624 3846 1671 ae
3873 1599 4163 1670 instruit
4193 1598 4460 1690 optima
4493 1598 4843 1685 doctrina,

2856 1716 2926 1793 et
2972 1705 3059 1772 de
3109 1702 3263 1773 luce
3306 1703 3629 1773 doctrina
3675 1698 4048 1791 Evangelii
4088 1713 4277 1770 recte
4323 1701 4572 1785 sentit3
4619 1722 4862 1793 quare.

2859 1827 3020 1874 eum
3067 1815 3385 1872 amanter
3428 1804 3749 1895 excipies.
3854 1799 4200 1873 Fortassis
4251 1814 4415 1871 ante
4461 1802 4596 1873 iter
4636 1798 4845 1873 Itali-

2857 1927 3019 1976 cum
3047 1905 3602 1973 commorabitur
3631 1902 4139 1995 aliquantisper
4187 1905 4374 1993 apud
4422 1924 4572 1976 vos.
4677 1896 4846 1974 Ob-

2858 2029 3053 2076 secro
3085 2003 3193 2074 Te
3225 2017 3515 2095 propter
3540 1999 3928 2084 Christum,
3978 2028 4070 2073 ne
4104 2003 4332 2094 litiges
4362 2028 4525 2073 cum
4554 2002 4849 2093 Collega

2862 2121 3028 2195 tuo;
3092 2105 3234 2178 Sed
3275 2107 3512 2197 potius
3540 2128 3785 2176 omnes
3816 2098 4150 2198 colaphos
4181 2118 4250 2174 et
4282 2097 4647 2186 σκόλοπας
4678 2128 4847 2198 per-

2859 2210 3066 2285 feras.
3168 2205 3365 2282 Bene
3401 2208 3579 2284 vale.
3631 2209 3747 2278 die
3778 2206 3896 2281 17.
3927 2204 4254 2297 Augusti.

3875 2334 4256 2432 Philippus
4291 2331 4749 2413 Melanthon.

2863 2695 3001 2768 No·
3026 2690 3259 2766 2741.
4482 2706 4612 2768 ’20.
4646 2694 4821 2778 Aug.

4491 2786 4847 2820 m

3557 2858 3631 2946 Ι.
3687 2858 4184 2945 Matthesio.

3007 3031 3179 3107 Epist.
3205 3030 3304 3090 lib.
3330 3030 3399 3088 ΙΙ.
3434 3051 3489 3105 p.
3517 3032 3607 3088 66.
3639 3032 3791 3104 (edit.
3817 3030 3996 3088 Lond-
4023 3032 4091 3089 ΙΙ.
4124 3051 4213 3105 sp.
4239 3032 4355 3103 49.)

3273 3178 3844 3266 D.'Iohanni
3874 3184 4421 3263 Matthesio.

2867 3300 2958 3392 S.
3012 3319 3102 3394 D.
3206 3319 3527 3394 Gratiam
3556 3317 3781 3392 habeo
3813 3309 4158 3420 Cas-paro
4188 3335 4467 3408 nostro,
4514 3320 4644 3417 qui
4671 3318 4857 3394 mihi

2871 3423 3004 3495 iter
3049 3447 3255 3495 suum
3299 3422 3661 3497 indicavit.
3774 3421 3931 3494 Etsi
3981 3423 4172 3492 enim
4221 3417 4362 3493 hoc
4413 3435 4730 3517 tempore
4772 3425 4854 3495 in

2871 3526 3085 3595 tantis
3113 3525 3412 3616 publicis
3434 3523 3794 3594 aerumnis
3820 3550 3967 3594 non
3994 3524 4207 3594 scribi
4231 3526 4412 3595 laeta
4441 3527 4663 3596 multa
4688 3515 4858 3616 pos—

2872 3642 3070 3698 sunt:
3148 3637 3388 3697 tamen
3432 3639 3736 3695 veterem
3780 3626 4363 3697 consuetudinem
4409 3624 4725 3698 nostr‘am
4773 3628 4855 3699 in

2873 3728 3245 3798 scribendo
3291 3741 3359 3797 et
3404 3727 3607 3819 quasi
3646 3727 4000 3820 colloquia
4043 3727 4373 3798 renovari
4418 3728 4657 3803 velim.
4762 3728 4851 3799 In

2876 3830 3148 3900 ditione
3187 3827 3597 3899 Coloniensi
3635 3825 3984 3914 Comites,
4047 3842 4370 3922 equester
4414 3830 4592 3901 ordo
4635 3842 4703 3900 et
4747 3830 4859 3900 le-

2874 3931 3017 4019 gati
3060 3931 3425 4001 civitatum
3461 3929 3541 3999 in
3582 3944 3936 4001 conventu
3979 3930 4282 4022 polliciti
4324 3945 4522 4018 sunt,
4587 3954 4665 4002 se
4694 3928 4858 4002 Ee-

2875 4032 3117 4103 clesias
3151 4030 3663 4102 instauraturos
3688 4053 3838 4101 esse
3877 4033 3966 4101 ad
4011 4054 4377 4119 normam,
4424 4054 4639 4127 quam
4668 4028 4857 4126 Epi-

2871 4156 3126 4226 scopus
3155 4133 3557 4227 proposuit,
3608 4156 3788 4225 quae
3828 4133 4115 4226 quidem
4141 4133 4469 4223 congruit
4510 4158 4674 4206 cum
4718 4159 4859 4227 1107

2875 4237 3039 4307 stris
3084 4231 3442 4307 Ecclesiis.
3549 4230 3946 4323 Collegium
3987 4232 4414 4306 Coloniense
4454 4248 4525 4307 et
4566 4250 4859 4309 senatus

2877 4332 3109 4407 adhuc
3140 4336 3601 4405 adversantur
3625 4358 3843 4426 purae
3875 4335 4278 4422 doctrinae,
4326 4337 4449 4406 sed
4487 4332 4568 4407 hi
4613 4360 4861 4409 emen·

2878 4439 3236 4509 dationem
3280 4436 3359 4504 in
3412 4434 3683 4506 ditione
3723 4435 4065 4528 impedire
4116 4458 4266 4508 non
4319 4451 4638 4532 possunt.
4758 4435 4862 4512 Et

2878 4540 3020 4608 iam
3050 4539 3128 4608 in
3153 4536 3423 4630 aliquot
3453 4536 3737 4628 oppidis
3770 4534 4096 4608 inchoata
4132 4551 4238 4609 est
4268 4540 4691 4614 emendatio.
4760 4536 4862 4613 Et

2877 4641 2980 4733 pii
3023 4664 3104 4712 ac
3147 4638 3412 4710 eruditi
3459 4639 3990 4710 concionatores
4042 4639 4347 4713 fideliter
4382 4653 4455 4712 et
4494 4665 4673 4733 pure
4716 4643 4860 4713 do-

2879 4753 3062 4815 cent.
3175 4738 3411 4811 Deum
3459 4762 3777 4825 oremus,
3838 4754 3922 4812 ut
3971 4741 4205 4812 lucem
4260 4764 4427 4815 suae
4487 4743 4857 4815 doctrinae

2879 4844 3017 4914 late
3048 4855 3330 4934 spargat
3358 4854 3428 4911 et
3462 4855 3847 4915 conservet.
3934 4836 4174 4914 Audio
4215 4844 4407 4936 apud
4434 4866 4561 4915 vos
4586 4845 4862 4917 atrocia

2878 4944 3105 5016 edicta
3153 4943 3512 5035 proposita
3558 4965 3723 5014 esse.
3837 4936 4169 5033 Optarim
4211 4944 4629 5016 melioribus
4664 4946 4865 5017 omi-

2876 5047 3090 5115 nibus
3140 5044 3398 5135 suscipi
3439 5043 3706 5113 bellum
3750 5057 3994 5114 contra
4035 5043 4347 5131 Turcos,
4418 5041 4543 5116 s‘ed
4607 5046 4864 5120 fatales

2877 5168 3138 5240 poenas
3179 5144 3340 5216 talis
3381 5144 3582 5214 furor
3617 5145 3798 5216 solet
3849 5147 4293 5237 praecedere,
4369 5160 4454 5223 ut
4518 5142 4863 5219 historiae

2878 5264 3041 5320 ante
3090 5246 3439 5315 excidium
3473 5243 3941 5339 lerosolymae
3982 5247 4326 5322 indicant.
4424 5245 4621 5319 Deus
4661 5263 4864 5342 pater

2875 5345 3170 5420 Domini
3211 5345 3438 5417 nostri
3483 5344 3642 5416 Iesu
3683 5342 3953 5419 Christi
4002 5348 4273 5437 mitiget
4316 5350 4643 5441 publicas
4692 5375 4867 5443 poe-

2876 5474 3044 5536 nas,
3093 5462 3164 5519 et
3204 5461 3432 5517 servet
3459 5445 3815 5518 Ecclesiae
3860 5471 4026 5518 suae
4059 5450 4421 5542 reliquias.
4538 5440 4875 5523 Salutem*

2878 5565 3048 5643 opto
3084 5549 3471 5620 clarissimo
3498 5550 3656 5620 viro
3688 5545 3778 5626 D.
3806 5547 4103 5623 Ductori
4132 5544 4397 5629 Navio.
4458 5548 4660 5624 Bene
4687 5554 4867 5640 vale,
4928 5544 4933 5549 ’

2878 5654 2994 5724 die
3017 5651 3140 5728 20.
3175 5646 3502 5742 Augusti.
