5325 6917
166 657 171 666 '
203 730 237 738 ..
273 681 326 781 33
351 721 683 744 .affl-„2-
780 656 1291 782 --ffl’ts'r'obhllU-lll
1347 688 1558 772 utulx
1604 623 1743 773 'rita

275 881 322 954 ad
338 879 455 973 ipsum
467 873 673 962 Nicolaum,
696 874 736 945 in
751 896 820 970 qua
836 873 1052 944 mentionem
1067 870 1152 942 facis
1167 868 1272 940 libel-

278 986 396 1053 lorom
433 979 514 1048 misi
543 978 652 1072 igitur
681 976 880 1069 exemplum
901 967 1143 1067 Danielis*),
1174 971 1271 1064 quod

282 1087 398 1174 legens
417 1103 493 1149 non
515 1079 630 1150 solum
655 1079 799 1148 veniam¹
819 1076 920 1147 dabis
941 1070 1054 1159 mihi,
1084 1072 1271 1144 sedetiam

203 1191 205 1194 ’
284 1181 520 1254 misericordia
544 1181 615 1248 mei
640 1179 829 1264 adliciere,
864 1199 1029 1267 agnosces
1051 1174 1167 1259 enim,
1206 1194 1272 1242 nos

284 1285 384 1354 valde
408 1306 532 1373 parum
554 1275 684 1351 habere
708 1279 877 1373 temporis
903 1280 948 1347 ad
971 1270 1034 1345 has
1053 1272 1271 1346 lucubratio-

279 1407 354 1456 nes.
407 1380 484 1453 Etsi
499 1394 615 1465 autem
632 1382 703 1452 iam
717 1405 812 1451 eram
827 1391 1037 1469 occupatos,
1062 1390 1181 1445 tamen
1202 1370 1272 1443 ho-

158 1561 160 1572 ,
278 1486 338 1554 die
361 1485 494 1556 bonam
513 1495 648 1575 partem
670 1494 812 1553 tuarum
834 1480 1047 1551 concionum
1076 1477 1164 1564 legi,
1195 1497 1272 1544 eas·

279 1610 351 1679 que
373 1607 586 1675 magnopere
609 1584 734 1675 probo.
790 1578 839 1652 Et
860 1603 985 1663 censeo
1007 1579 1161 1649 edendas
1187 1598 1271 1646 esse.

278 1685 400 1756 Probo
418 1680 511 1755 hanc
523 1686 634 1775 ipsam
649 1682 846 1775 simplicem
870 1694 906 1752 et
927 1681 1085 1752 nativam
1101 1677 1273 1750 elocutio-

279 1810 364 1856 nem
388 1781 482 1855 nihil
506 1781 696 1855 habentem
721 1783 903 1854 ambitiosi
924 1794 1082 1852 ornatus.
1140 1775 1188 1849 Et
1216 1799 1271 1845 res

281 1899 366 1957 sunt
379 1909 500 1977 graves
516 1898 550 1956 et
564 1885 682 1957 utiles.
732 1879 845 1974 Agam
861 1884 971 1974 igitur
988 1904 1070 1951 com
1086 1878 1272 1973 Typogra·

279 1984 381 2079 phis,
405 2002 466 2058 ant
482 1987 513 2057 si
525 1985 639 2055 maris
652 1983 740 2054 alibi
754 1984 895 2068 excudi,
919 1979 1103 2072 significes.
1155 1978 1273 2049 Tuea-

2266 710 2317 784 84

1323 863 1672 959 corom'scrlptorum
1690 866 1765 939 sine
1780 867 1984 960 linguarum
2005 876 2205 965 cognitione
2228 885 2315 951 reti-

1324 968 1402 1036 neri
1418 991 1492 1037 non
1508 982 1632 1060 potest.
1668 967 1759 1040 Vere
1775 986 1892 1042 autem
1909 975 2095 1047 adfirmare
2109 1004 2261 1069 possum,
2278 998 2311 1054 et

1323 1068 1438 1139 dicam
1452 1070 1690 1158 eruditissimo
1705 1096 1846 1165 quoquo
1861 1074 2084 1166 suffragante,
2100 1075 2310 1153 Maeotiam
2406 1147 2410 1159 ,

1322 1164 1524 1263 illyricum
1543 1163 1581 1264 l)
1613 1172 1701 1242 adeo
1723 1174 1877 1264 peritum
1898 1199 1972 1246 esse
1992 1201 2135 1268 graecae
2157 1181 2310 1274 linguae,

1322 1283 1363 1341 ut
1396 1271 1489 1341 nulli
1522 1272 1877 1372 celebratissintorum
1901 1278 2138 1374 professorum
2165 1298 2320 1375 postpo-'

1322 1374 1461 1443 nendos
1475 1371 1533 1447 sit.
1581 1369 1672 1474 Erat
1692 1368 1752 1445 hic
1773 1370 1923 1448 honesto
1948 1377 2043 1467 loco;
2069 1384 2131 1469 sed
2155 1388 2310 1477 quodam

1321 1474 1520 1545 academiae
1536 1488 1671 1545 vestrae
1682 1477 1820 1563 studio,
1844 1479 1903 1547 eoi
1918 1503 1975 1549 me
1989 1481 2100 1552 fateor
2115 1481 2310 1576 plurim'um

1322 1574 1451 1644 debere
1465 1567 1543 1670 **),
1574 1575 1628 1645 fui
1644 1575 1677 1645 ei
1692 1570 1871 1660 hortator,
1896 1592 1954 1665 ut,
1980 1582 2090 1654 literis
2114 1587 2309 1659 amicorum

1322 1669 1440 1744 isthuc
1457 1676 1662 1763 accersitus,
1686 1701 1728 1746 eo
1750 1702 1786 1750 se
1807 1681 1993 1753 conferret.
2042 1682 2115 1756 Nec
2135 1689 2310 1775 dubitavi,

1322 1797 1453 1865 magno
1472 1789 1678 1847 ornamento
1695 1801 1777 1849 eum
1794 1782 1870 1851 lore
1886 1782 2072 1855 universae
2086 1788 2220 1878 patriae
2242 1814 2311 1858 no-

1323 1889 1427 1951 strae.
1478 1874 1569 1966 Quis
1584 1879 1680 1948 enim
1695 1880 1759 1951 illo
1773 1904 1894 1971 graece
1909 1885 2032 1955 scribit
2051 1886 2209 1974 facilius,
2232 1914 2311 1961 car-

1321 2000 1405 2045 men
1436 1989 1472 2046 et
1504 1978 1654 2049 solutam
1689 1982 1909 2053 orationem?
1958 1984 2051 2075 Quis
2074 1990 2245 2060 eruditius
2266 1997 2312 2063 de
2353 2011 2355 2017 '

280 2109 364 2158 mor
391 2086 509 2157 studia
527 2084 726 2175 Evangelii.
744 2098 780 2154 et
803 2079 1041 2153 Ecclesiarom
1070 2092 1271 2151 nostrarum
1321 2077 1536 2170 proprietate
1551 2078 1692 2169 linguae
1707 2082 1863 2155 iudicat?
1912 2084 2025 2179 Saepe
2047 2089 2143 2158 euim
2166 2113 2247 2163 cum
2268 2118 2310 2165 eo

280 2188 508 2260 concordiam
523 2199 696 2279 quantum
719 2184 867 2254 omnino
889 2205 1094 2276 possumus,
1126 2184 1193 2250 deo
1213 2181 1280 2270 jo:
1322 2180 1367 2247 de
1390 2177 1494 2247 certis
1516 2179 1601 2249 locis
1618 2178 1721 2250 Pauli
1742 2182 1940 2275 disputavi,
1973 2181 2062 2279 quos
2083 2190 2160 2260 sine
2179 2195 2311 2281 graecis

280 2301 398 2360 vante.
448 2286 538 2356 Nam
556 2286 762 2377 impendent
776 2286 895 2374 magni
909 2285 1100 2367 tumultus,
1124 2304 1272 2371 maguae
1321 2280 1562 2350 monumentis
1577 2304 1741 2352 enarrare
1756 2296 1808 2354 est
1827 2284 1932 2375 plane
1954 2310 2066 2372 caeca,
2081 2304 2185 2361 nocte
2207 2296 2310 2365 navi-

281 2388 486 2481 principum
503 2387 709 2460 discordiae.
760 2381 816 2455 Eo
838 2386 949 2475 magis
973 2407 1040 2455 nos
1062 2385 1160 2453 decet
1185 2405 1271 2453 eon·
1321 2403 1422 2471 gare,
1457 2393 1497 2450 ot
1518 2381 1588 2451 dici
1610 2382 1710 2455 solet.
1767 2380 1932 2476 Intelligo
1951 2401 2068 2459 autem
2092 2392 2220 2482 viginti
2244 2420 2310 2467 au.

281 2492 428 2577 iungere
443 2487 641 2558 voluntates
656 2500 690 2558 et
704 2487 830 2560 studia.
866 2483 1010 2557 'Ruunt
1023 2484 1184 2577 imperia,
1210 2484 1273 2552 sed
1321 2503 1401 2550 reos
1416 2481 1459 2549 de
1474 2481 1651 2573 stipendio
1669 2484 1745 2555 eius
1765 2482 1917 2561 detrahi.
1967 2486 2040 2560 Nec
2061 2492 2105 2562 de
2119 2516 2223 2564 causa
2237 2491 2311 2566 dis·

280 2586 459 2659 Ecclesiae
474 2588 646 2681 reliqoiae
659 2588 906 2657 servabuntur.
955 2584 1054 2662 Bene
1067 2586 1147 2681 vale
1163 2584 1270 2654 caris-
1321 2595 1429 2673 poto,
1468 2604 1534 2653 nec
1555 2606 1612 2652 me
1635 2583 1770 2655 alienae
1801 2582 2016 2679 reipublicae
2043 2592 2311 2666 deliberationi-

282 2692 368 2760 sime
383 2684 522 2767 Sotelr',
546 2701 580 2758 et
595 2688 707 2758 saluta
721 2699 879 2757 amanter
901 2687 990 2755 meis
1010 2681 1128 2755 verbis
1144 2683 1270 2754 Domi·
1320 2684 1389 2753 bus
1404 2683 1543 2773 ingero,
1568 2682 1652 2779 (etsi
1674 2671 1905 2761 humanitatis
1927 2704 1978 2768 est
1999 2706 2158 2781 nostrae,
2188 2720 2311 2769 omnes

282 2814 367 2861 nom
384 2777 559 2858 Celerum
580 2802 614 2859 et
628 2783 838 2859 Gdbeliom.
887 2785 923 2857 5.
938 2785 1042 2857 Febr.

793 2914 981 3012 Philippus
997 2910 1222 2987 Melanthon.

289 3265 491 3395 Qu.
581 3364 583 3370 .

578 3401 731 3530 aaran.
747 3403 996 3553 'nausson

351 3627 428 3695 †llx
447 3625 615 3698 autographo
636 3624 763 3679 Melanth.
784 3625 858 3695 quod
880 3623 994 3678 hahetur
1012 3621 1041 3675 in
1061 3622 1123 3677 cod.
1144 3620 1227 3679 Goth.
1247 3623 1276 3673 in

386 3698 435 3751 fot.
447 3714 496 3749 no.
510 3696 570 3749 404.
587 3713 613 3764 p.
628 3694 671 3749 81.
707 3694 789 3746 Prior
802 3711 864 3762 para
878 3694 1004 3763 epistolae
1018 3708 1101 3761 usque
1122 3691 1154 3742 ad
1175 3691 1275 3743 rerba:

388 3777 419 3819 ut
437 3779 536 3818 rursus
555 3773 583 3815 et
605 3763 689 3814 aurei
707 3763 751 3813 rili
767 3762 867 3824 oigr'ntr'
879 3764 1075 3827 pendantura
1095 3759 1182 3812 scriba
1204 3777 1275 3828 quo·

338 3852 344 3867 ²
390 3834 453 3888 darn
472 3831 612 3900 elegantur
628 3829 728 3901 scripta
748 3835 809 3895 est,¹
828 3828 949 3895 reliqua,
971 3846 1039 3898 quae
1052 3826 1202 3897 incipiunt:
1226 3843 1275 3879 or·-

389 3904 481 3954 ditror
498 3898 621 3951 hominis
640 3898 717 3949 docti
734 3904 785 3950 oet.
830 3896 948 3966 Philippi
973 3912 1055 3947 manu
1081 3904 1185 3948 exarata
1203 3905 1276 3966 sunt,

387 3968 526 4049 molaque
537 3967 566 4019 in
579 3965 625 4019 illa
639 3963 751 4033 epistola
763 3959 882 4019 alamus
892 3965 993 4017 iterum
1013 3963 1100 4017 deleta
1119 3971 1146 4015 et
1166 3973 1276 4019 mutata.

295 4100 297 4104 ¹
387 4035 509 4090 Retiourt
528 4033 610 4104 igitur
623 4032 782 4086 Melanthea
804 4030 980 4106 apographon
1002 4032 1107 4084 scribae
1128 4038 1210 4083 'manu
1231 4030 1275 4083 sa·

389 4113 481 4225 ιὲυὲη,
497 4100 741 4223 ςυοριᾓιΙΙὴειιτο
880 4100 1012 4234 mappa,
1037 4117 1125 4166 eoque
1143 4116 1207 4151 usus
1227 4111 1276 4160 est,

386 4190 401 4227 a
450 4189 502 4226 ano
516 4189 571 4241 epto
612 4186 656 4222 am
669 4185 767 4224 arcura
962 4186 1018 4220 am.

310 4322 365 4398 D.
381 4320 619 4397 Balthasoro
638 4318 764 4412 Tubin
793 4291 881 4393 ensi.
949 4290 1251 4394 B'althasaro

354 4464 359 4473 ·
449 4420 700 4529 Kaufflt‘n,
740 4349 911 4518 tVeologo
931 4319 1112 4518 l‘ubing.)

1102 4523 1110 4543 ἱ

284 4545 330 4636 S.
354 4562 400 4637 D.
449 4563 562 4635 Vides
582 4559 774 4633 clarissime
787 4555 832 4632 D.
846 4554 997 4640 Ductor,
1024 4555 1062 4624 in
1077 4568 1174 4627 tanta
1189 4579 1276 4624 con-

284 4668 424 4738 fusione
438 4689 557 4736 rerum
573 4658 812 4733 humanarum
825 4672 860 4729 et
874 4679 1064 4747 regnorum
1078 4656 1275 4724 mutatione

285 4770 424 4839 duriter
443 4763 600 4861 qtrassari
625 4785 700 4834 non
724 4763 840 4832 solum
864 4781 988 4828 omnes
1016 4755 1174 4847 politias,
1213 4756 1273 4825 sed

285 4863 391 4939 etiam
404 4864 611 4939 Ecclesiam.
648 4863 732 4947 ⁸Sed
747 4876 884 4943 tamen,
909 4858 992 4953 quia
1006 4856 1112 4927 nobis
1129 4855 1272 4950 quidem

286 4984 381 5041 certo
405 4967 631 5040 statuendum
655 4976 723 5047 est,
755 4959 950 5052 Ecclesiam
971 4982 1109 5050 semper
1128 4981 1273 5027 manso-

286 5096 361 5139 ram
376 5092 471 5153 esse‚
495 5062 562 5139 hac
586 5089 647 5158 spe
669 5062 802 5133 maiore
817 5062 934 5131 studio
949 5055 1086 5130 scholas
1101 5072 1273 5143 tueamur,

290 5194 378 5263 quae
396 5169 539 5263 proprie
561 5166 724 5237 serviunt
739 5156 924 5258 scelestae.
975 5159 1167 5253 Praecipue
1187 5185 1271 5229 vero

289 5270 354 5355 lis,
385 5272 447 5365 qui
467 5270 652 5339 coelestem
674 5259 871 5359 doctrinam
893 5276 1077 5347 enarrant,
1107 5260 1272 5329 anniten-

286 5373 377 5442 dum
397 5384 466 5459 est,
491 5384 533 5442 ot
546 5369 824 5461 complectantur
838 5376 873 5434 et
886 5361 1054 5432 adiuvent
1071 5363 1272 5451 linguarum

285 5474 506 5568 interpretes.
556 5470 646 5564 Nam
665 5469 728 5540 lor
743 5458 1030 5560 propheticorum
1053 5476 1087 5532 et
1107 5462 1275 5554 apostoli·

287 5649 497 5673 Μ
1247 5653 1251 5663 ι

295 5788 297 5793 “
321 5774 352 5845 *l
370 5774 418 5830 ht
431 5723 807 5828 MelanthonisinDanielem
822 5766 980 5838 prophetam
995 5761 1217 5830 commentarius,
1231 5759 1275 5832 qui

355 5843 461 5916 prodiit
478 5836 594 5894 thst.
609 5837 684 5892 tots.

287 5922 466 5993 Menum.
479 5918 584 5984 Oua.
610 5915 695 5981 Ver..
706 5912 749 5979 V.

1321 2784 1398 2872 pias
1421 2779 1557 2854 scholas
1582 2809 1691 2855 unam
1724 2783 1881 2859 scholam
1915 2782 2023 2862 onam
2055 2796 2313 2887 rempublicam

1323 2880 1485 2977 ducere);
1512 2887 1573 2953 sed
1588 2884 1704 2954 tamen
1719 2890 1859 2963 veniam
1873 2887 1963 2960 mihi
1985 2894 2086 2965 dabis
2106 2921 2172 2990 pro
2195 2900 2310 2970 amico

1323 2983 1512 3055 laboranti.
1562 2980 1859 3058 CumMalthias
1876 2992 1931 3061 vir
1945 2992 1991 3062 sit
2006 2996 2162 3085 optimos
2178 3012 2212 3069 et
2229 3022 2313 3070 ero-

1324 3082 1460 3153 ditione
1476 3096 1572 3154 tanta
1588 3085 1779 3156 instructos
1795 3100 2005 3182 magnopere
2021 3108 2053 3164 te
2069 3119 2151 3181 oro,
2174 3114 2214 3170 ot
2235 3101 2312 3172 eius

1324 3207 1464 3253 causam
1485 3185 1579 3274 apud
1602 3182 1773 3256 Senatum
1787 3181 1997 3261 Academiae
2014 3217 2111 3284 agas,
2143 3220 2183 3267 ac
2205 3200 2313 3292 perli-

1326 3284 1414 3365 cias,
1423 3378 1427 3387 .
1437 3296 1478 3353 ut
1490 3306 1613 3353 rursus
1624 3285 1658 3353 ei
1672 3288 1770 3356 aurei
1784 3288 1838 3357 illi
1853 3290 1980 3380 viginti
1994 3296 2206 3384 pendantur.
2239 3297 2312 3371 Ar-

1325 3386 1452 3464 bitror,
1477 3378 1636 3454 hominis
1651 3388 1748 3457 docti
1762 3411 1900 3462 eausam
1915 3391 1953 3460 in
1963 3391 2096 3467 Senatu
2109 3399 2312 3474 doctissimo

1326 3485 1546 3578 aequissimis
1561 3486 1690 3556 animis
1704 3490 1840 3575 audiri,
1872 3493 2001 3563 deinde
2020 3496 2202 3586 existimo,
2233 3524 2312 3573 eam

1326 3610 1400 3656 esse
1428 3587 1712 3657 benevolentiam
1742 3590 1899 3661 universi
1921 3593 2072 3668 Senatus
2099 3602 2208 3672 vestri
2229 3591 2333 3695 erga¹

1326 3711 1404 3772 me,
1430 3699 1488 3773 ot,
1514 3689 1611 3781 quod
1635 3688 1746 3780 ipsius
1762 3687 1936 3763 Matthiae
1958 3697 2081 3771 virtuti
2105 3702 2315 3790 tribuioro,

1325 3787 1466 3862 facilius
1491 3811 1532 3858 ac
1556 3789 1727 3859 libentius
1749 3790 1782 3859 ei
1803 3807 1948 3886 propter
1969 3821 2083 3869 meam
2104 3803 2314 3891 petitionem

1326 3889 1445 3959 datori
1459 3888 1548 3963 sitis.
1598 3887 1652 3959 Te
1667 3913 1751 3960 vero
1773 3893 1898 3979 etiam,
1931 3910 2071 3969 nostrae
2092 3903 2313 3978 familiarita-

1325 3990 1371 4061 tis
1391 4002 1497 4083 atqoe
1517 3989 1691 4061 amicitiae
1712 4016 1924 4080 memorem,
1957 3998 2065 4069 velim
2086 4006 2241 4092 moveri,
2271 4020 2313 4079 ut

1326 4091 1470 4182 sic-agas
1489 4085 1582 4160 hane
1598 4114 1750 4174 causam,
1765 4116 1806 4163 ac
1821 4095 1850 4164 si
1865 4119 1942 4167 mea
1956 4123 2011 4169 res
2027 4118 2197 4192 ageretur.
2231 4104 2313 4176 Me·

1325 4192 1479 4277 ministi,
1504 4214 1570 4260 nos
1589 4192 1628 4261 in
1650 4194 1766 4286 primo
1789 4198 1965 4289 tyrocinio
1990 4200 2028 4270 in
2051 4204 2171 4273 eadem
2194 4207 2313 4297 palae·

1325 4300 1397 4363 stra
1414 4292 1636 4364 familiariter
1658 4319 1729 4364 una
1753 4310 1908 4370 vorsatus
1929 4323 2020 4383 esse,
2052 4304 2163 4372 multa
2184 4319 2314 4377 contu·

1325 4394 1423 4478 lisse,
1447 4417 1487 4461 ac
1503 4394 1686 4484 utriusque
1702 4395 1883 4480 ingenium
1899 4396 2042 4469 alterius
2057 4414 2133 4470 tum
2152 4408 2313 4499 exemplo

1326 4505 1402 4561 tum
1435 4491 1771 4562 commonefactione
1803 4494 1988 4567 excitatum
2024 4524 2108 4576 esse.
2175 4504 2314 4596 Postea,

1326 4591 1421 4683 quod
1439 4590 1588 4658 maxime
1608 4586 1699 4659 mihi
1720 4592 1915 4665 iocundum
1932 4612 1999 4686 est,
2031 4602 2161 4674 iterum
2185 4632 2251 4681 nos
2274 4612 2314 4681 in

1325 4714 1428 4760 eausa
1449 4690 1590 4782 publica
1605 4692 1798 4763 coniunxit
1817 4691 1974 4769 Ecclesia
1991 4695 2084 4799 m).
2132 4705 2206 4779 Nec
2228 4735 2313 4782 vero

1324 4792 1439 4862 ullum
1459 4792 1613 4861 sanctius
1645 4795 1768 4863 foedus
1800 4798 2071 4875 existimandum
2093 4822 2164 4893 est,
2204 4835 2311 4905 quam
2374 4786 2380 4790 .

1324 4907 1395 4988 quo
1411 4894 1488 4984 pios
1505 4893 1646 4964 ecclesia
1661 4896 1830 4983 devinxit,
1844 4900 1982 4996 luitque
1998 4900 2088 4975 mihi
2101 4924 2313 5000 pergratum,

1324 4997 1419 5089 quod
1436 4995 1473 5063 in
1488 4995 1720 5066 conventibus
1734 4998 1771 5064 in
1789 5003 1940 5091 quadam
1957 5006 2123 5079 varietate
2144 5012 2312 5084 consilio·

1328 5197 1536 5209 m

1358 5318 1385 5386 θ)
1402 5315 1529 5387 lntelligit
1543 5316 1640 5373 Metui
1657 5337 1684 5373 m
1703 5320 1880 5393 Garbieium,
1902 5325 2040 5398 illyricum
2075 5351 2157 5404 quern
2170 5354 2261 5393 comm

1394 5385 1503 5440 darerat
1515 5386 1572 5456 ipre
1585 5338 1749 5471 Academiae
1761 5390 1936 5463 Tobingensi.
1970 5396 2012 5452 De
2026 5367 2122 5455 eddom
2142 5402 2218 5475 loqui
2236 5358 2314 5464 vili-⁶

1393 5464 1438 5508 tur
1458 5453 1591 5508 botherus
1613 5474 1641 5508 m
1662 5467 1739 5526 epist.
1758 5457 1791 5511 ad
1806 5458 1898 5515 Vitum
1912 5461 2087 5523 Theodorum
2107 5471 2135 5524 d.
2155 5474 2299 5533 d.18.luo

1394 5522 1420 5576 h.
1435 5540 1458 5575 a.
1471 5523 1553 5594 (apud
1566 5524 1599 5576 de
1613 5522 1709 5580 Walt.
1725 5525 1759 5580 V.
1772 5544 1799 5597 p.
1813 5527 1895 5594 664.).
2302 5513 2312 5550 ⁹

1360 5604 1412 5725 “l
1426 5604 1494 5658 Vide
1512 5602 1601 5685 literas
1615 5605 1745 5687 Melanth.
1755 5607 1914 5667 Academiae
1927 5613 2092 5699 Tohiugensi
2105 5621 2217 5694 scriptas
2247 5627 2310 5698 qui·

1416 5692 1446 5727 os
1457 5683 1554 5735 suasu,
1572 5684 1601 5726 ot
1614 5672 1756 5727 Garbrcrus
1771 5692 1914 5735 vocaretur
1925 5683 2079 5757 'lubrngam
2095 5707 2169 5745 anno
2185 5661 2261 5747 1537.

1363 5754 1845 5894 *Zilil-,ull{flbiwtleliliulh'llljn
1861 5764 2004 5858 Conventu
2019 5768 2239 5836 Wormatiensi.
2258 5778 2313 5860 Vd'

1447 5899 1471 5965 3
