5325 6917
308 792 382 869 825

318 965 388 1038 No.
405 962 518 1036 5242.
1153 964 1187 1028 4.
1203 959 1287 1041 Aug.

314 1062 527 1098 Μ
1129 1049 1301 1099 ‘⁶4⁵'

645 1124 973 1212 Testimonium.

375 1270 486 1326 Editum
500 1290 515 1324 a
529 1266 637 1323 Perelio
654 1268 682 1322 in
695 1268 763 1323 Mel.
779 1266 883 1322 consil.
898 1266 944 1324 lat.
957 1265 990 1322 P.
1003 1267 1024 1320 Ι.
1037 1284 1063 1337 p.
1078 1266 1141 1321 661.
1161 1266 1300 1319 etiterum

409 1341 438 1392 in
457 1336 577 1421 Schiitaii
599 1334 719 1409 epistolis
736 1335 882 1419 Lutberil.
895 1354 923 1407 p.
936 1336 998 1390 859.
1015 1362 1050 1418 .'''
1086 1333 1301 1389 AMelantbone

410 1406 738 1544 qqprppqqqqffinegqtrqlped
756 1405 978 1477 subscripserunt
990 1414 1070 1458 ettam
1085 1402 1234 1471 Lutherus,
1254 1404 1301 1455 lo·

309 1629 578 1707 Testimonium
602 1624 852 1702 ordinationis
874 1621 1130 1703 Reverendiss.
1152 1636 1184 1698 et
1200 1625 1260 1699 Ill
1284 1674 1301 1687 -

308 1736 427 1809 striss.
437 1725 785 1829 PrincipisGeorg
795 1729 834 1799 ii
845 1727 911 1800 An
920 1725 946 1800 lv
956 1756 980 1800 o
989 1727 1103 1801 itini
1116 1730 1302 1827 scriptum,

308 1862 410 1908 anno
430 1831 539 1907 1545.
559 1858 584 1901 o
600 1826 743 1928 Philip.
759 1826 955 1906 Melanth.
976 1832 1122 1903 nomine
1139 1832 1300 1903 omnium

411 1934 451 2004 in
467 1931 647 2004 Ecclesiis
663 1930 792 2003 vicinis
805 1929 1201 2031 Superintendentiom.

309 2051 461 2141 Gratias
484 2068 621 2157 agimus
636 2063 734 2148 Deo,
759 2080 902 2137 aeterno
927 2070 1039 2159 patri,
1063 2065 1210 2137 Domini
1234 2092 1302 2136 no-

309 2172 374 2244 stri
399 2170 476 2240 lesu
495 2165 648 2252 Christi,
674 2169 769 2260 quod
792 2169 964 2238 immensa
986 2171 1162 2253 bonitate,
1190 2183 1223 2240 et
1244 2178 1302 2236 in-

310 2273 426 2345 stituit
449 2272 533 2340 inde
555 2294 666 2361 usque
688 2293 709 2340 a
729 2270 934 2340 conditione
953 2284 987 2340 et
1002 2272 1224 2341 restitutione
1241 2294 1301 2359 ge-

242 2431 250 2449 .
311 2374 408 2444 neris
423 2369 591 2456 humani,
617 2384 652 2440 et
666 2384 781 2440 servat
795 2371 962 2440 omnibus
976 2373 1102 2442 seculis
1121 2395 1233 2463 usque
1255 2374 1298 2440 ad

308 2475 604 2546 resurrectionem
621 2485 862 2555 mortuorum,
885 2473 1123 2544 ministerium
1137 2468 1301 2561 Evange-

309 2577 372 2661 lii,
392 2589 426 2645 et
452 2576 580 2645 excitat
600 2572 754 2642 subinde
778 2574 926 2642 idoneos
945 2571 1115 2643 Doctores
1137 2597 1177 2643 ac
1198 2598 1300 2644 man-

310 2681 393 2749 data
413 2678 511 2747 dedit
526 2671 705 2744 Ecclesiae
726 2694 828 2757 suae,
854 2685 895 2743 ut
909 2688 1009 2744 vocet
1031 2676 1179 2744 idoneos
1193 2672 1299 2742 mini-

309 2793 420 2864 stros,
452 2790 487 2847 et
509 2774 686 2868 promittit
706 2796 743 2842 se
765 2798 829 2865 per
851 2798 972 2843 eorum
990 2800 1113 2845 vocem
1135 2778 1299 2845 daturum

309 2879 554 2951 remissionem
577 2888 818 2966 peccatorum,
845 2873 1017 2966 Spiritum
1045 2889 1225 2956 sanctum,
1245 2877 1301 2954 vi-

310 2998 403 3066 tam,
427 2993 463 3049 et
488 2978 659 3048 iustitiam
682 2990 879 3060 aeternam,
912 2991 946 3046 et
966 3002 1107 3046 oramus
1133 3003 1231 3061 cum,
1261 2991 1302 3046 ut

310 3083 426 3153 lucem
439 3077 628 3167 Evangelii
649 3076 706 3144 sui
727 3100 802 3144 non
816 3077 909 3147 sinat
923 3079 1097 3170 extingui,
1122 3081 1181 3147 sed
1203 3102 1301 3148 nunc

311 3205 453 3277 quoque
476 3180 600 3250 excitet
623 3190 733 3269 purae
755 3189 789 3245 et
809 3177 971 3247 salutaris
985 3181 1166 3249 doctrinae
1180 3176 1301 3248 Evan-

311 3285 395 3375 gelii
412 3296 691 3374 propugnatores
713 3292 748 3348 et
767 3278 887 3346 fideles
902 3283 1082 3362 custodes,
1109 3296 1144 3352 et
1162 3282 1302 3370 colligat

312 3385 381 3455 sibi
405 3384 509 3455 etiam
534 3405 630 3450 nunc
659 3380 698 3447 in
729 3373 787 3447 his
810 3378 1014 3468 regionibus
1035 3379 1248 3467 Ecclesiam,
1282 3406 1301 3449 a

312 3512 381 3581 qua
405 3484 564 3554 inomni
586 3480 792 3551 aeternitate
817 3482 1022 3555 celebretur.
1072 3481 1163 3552 Cum
1184 3496 1301 3551 autern

310 3583 441 3660 adhoc
458 3583 695 3654 ministerium
706 3578 891 3669 Evangelii
901 3580 1148 3657 Reverendiss.
1161 3596 1196 3653 et
1213 3580 1302 3651 Illu-

311 3689 420 3760 striss.
451 3686 619 3773 Princeps
640 3681 817 3753 Dominus
843 3680 1039 3772 Georgius,
1070 3682 1240 3774 Princeps
1263 3684 1301 3751 in

312 3785 466 3872 Anhalt,
490 3785 619 3857 Comes
643 3779 834 3867 Ascaniae,
869 3798 902 3853 et
925 3782 1102 3855 Dominus
1126 3787 1165 3855 in
1189 3783 1302 3854 Bern-

310 3893 404 3979 burg
428 3903 492 3959 etc.
522 3885 741 3978 praepositus
769 3882 950 3954 Ecclesiae
973 3885 1301 3976 Magdeburgensis,

310 3994 380 4063 rite
400 4015 440 4060 ac
462 3990 520 4080 pie
541 4000 684 4056 vocatus
707 3985 829 4055 fuisset
851 3987 1129 4058 adiunctionem
1145 3988 1302 4057 muneris

310 4088 550 4165 Ecclesiastici
569 4087 806 4157 adiuvandam
827 4087 866 4154 in
888 4083 1103 4180 Episcopatu
1117 4088 1301 4180 Merspur·

312 4195 431 4285 gensi,
456 4190 613 4260 accersiti
631 4200 715 4257 sunt
728 4189 840 4256 veteri
854 4190 1047 4279 primarum
1064 4188 1301 4281 Ecclesiamm

311 4319 429 4378 more,
453 4293 522 4361 viri
545 4288 641 4361 docti
668 4302 862 4376 etgraves,
888 4291 951 4381 qui
971 4291 1105 4360 vicinas
1127 4288 1302 4361 Ecclesias

311 4398 529 4486 gubernant,
554 4414 706 4484 quorum
722 4390 840 4458 omnia
861 4390 953 4459 inira
972 4393 1121 4484 ascripta
1138 4407 1238 4475 sunt,
1262 4405 1303 4462 ut

313 4498 353 4566 in
369 4497 444 4586 ipsa
460 4492 616 4563 Ecclesia
633 4489 899 4582 Merspurgensi
913 4496 956 4561 ad
973 4487 1064 4562 hanc
1082 4493 1300 4562 vocationem

312 4600 503 4668 adderetur
548 4593 738 4686 publicum¹
771 4593 1014 4664 testimonium
1055 4593 1301 4664 ordinationis.

310 4698 386 4770 Nos
406 4699 515 4787 igitur
530 4694 732 4777 convocati,
758 4695 841 4784 quia
856 4709 949 4765 certo
965 4695 1180 4780 sciebamus,
1205 4691 1301 4764 hunc

312 4798 492 4871 lllustriss.
521 4794 724 4885 Principem
750 4791 944 4883 Georgium
973 4810 1066 4866 recte
1093 4797 1301 4885 intelligere,

313 4916 347 4971 et
379 4912 581 4970 constanter
613 4894 776 4982 amplecti
805 4920 930 4983 puram
953 4893 1142 4985 Evangelii
1166 4896 1302 4966 doctri-

312 5026 414 5086 nam,
441 5023 546 5092 quam
569 4993 748 5066 Ecclesiae
771 4987 897 5063 harum
914 4995 1099 5083 regionum
1116 5021 1186 5067 una
1205 5021 1300 5076 voce,

313 5116 348 5173 et
362 5126 434 5171 uno
449 5100 574 5190 spiritu
590 5121 670 5170 cum
692 5089 863 5165 catholica
879 5092 1035 5165 Ecclesia
1048 5093 1115 5165 Dei
1132 5098 1301 5187 profiten-

313 5218 394 5288 tur,
420 5215 454 5271 et
471 5200 633 5269 eximiam
649 5198 725 5267 eius
744 5219 816 5266 esse
830 5197 997 5267 virtutem
1013 5211 1047 5266 et
1063 5199 1300 5268 sanctitatem:

312 5301 577 5374 Testimonium
591 5314 751 5370 nostrum
767 5301 811 5368 de
827 5323 886 5380 eo,
909 5298 982 5367 ritu
998 5295 1214 5389 Apostolica,
1234 5299 1302 5366 im·

314 5406 490 5498 positione
508 5425 699 5486 manuum,
712 5400 979 5472 declaravimus.
1030 5398 1191 5493 Cumque
1206 5397 1301 5468 Pau-

313 5509 369 5576 lus
385 5505 469 5575 Tito
491 5503 723 5595 praeceperit,
753 5517 794 5573 ut
814 5502 1035 5594 presbyteros
1058 5503 1102 5570 ad
1125 5502 1301 5570 docendas

313 5621 349 5678 et
364 5606 610 5696 gubernandas
618 5598 791 5672 Ecclesias
807 5604 935 5693 passim
949 5604 1194 5685 constitueret,
1214 5602 1301 5670 sciat

885 781 1327 861 urrsrornnun
1378 749 1577 859 merx.
1630 777 1762 857 154⁵.

2263 772 2339 849 826

1352 977 1409 1023 res
1423 953 1603 1044 inspiciat,
1626 964 1662 1021 et
1676 949 1879 1020 meminerit
1899 948 1970 1020 sibi
1985 974 2125 1043 quoque
2139 946 2296 1041 praecipi
2319 971 2341 1015 a

1352 1056 1426 1124 filio
1441 1053 1527 1124 Dei:
1560 1050 1615 1121 Et
1638 1061 1677 1120 tn
1699 1074 1887 1121 conversus
1904 1045 2078 1142 confirmo
2087 1048 2231 1148 fratres
2246 1056 2339 1122 tuos.

1352 1154 1492 1227 Etcum
1509 1155 1603 1226 filius
1616 1150 1685 1224 Dei
1700 1155 1878 1241 sedeatad
1893 1153 2052 1222 dextram
2068 1150 2202 1221 aeterni
2216 1149 2340 1241 patris,

1353 1271 1395 1328 ut
1415 1258 1460 1327 sit
1486 1257 1605 1327 efficax
1626 1279 1689 1347 per
1703 1251 1771 1325 hoe
1787 1254 2043 1333 ministerium,
2068 1273 2275 1345 precamur,
2298 1263 2340 1320 ut

1355 1359 1394 1427 in
1418 1373 1490 1429 tota
1512 1358 1769 1449 gubernatione
1787 1371 1902 1446 regat,
1936 1368 1971 1425 et
1990 1355 2133 1424 adiuvet
2154 1348 2252 1422 hunc
2280 1374 2341 1421 or-

1354 1462 1535 1546 dinatum,
1575 1460 1664 1528 sicut
1684 1458 1847 1550 promisit
1875 1457 2058 1551 inquiens:
2101 1450 2254 1550 Siquis
2281 1445 2342 1520 ti-

1355 1558 1440 1655 tigit
1456 1584 1527 1646 me,
1549 1583 1731 1630 sermones
1751 1582 1848 1629 meos
1867 1555 2044 1641 servabit,
2070 1564 2102 1624 et
2123 1562 2340 1652 potermeos

1356 1659 1485 1755 diliget
1515 1685 1613 1744 eum,
1651 1670 1682 1730 et
1709 1660 1889 1730 veniemus
1914 1654 1970 1730 od
1993 1682 2089 1739 eum,
2123 1665 2155 1725 et
2175 1651 2342 1724 mansio-

1354 1787 1434 1832 nem
1466 1759 1572 1860 apud
1597 1783 1676 1831 eum
1692 1761 1891 1860 sociemus.
1951 1756 2006 1864 'Et
2030 1774 2070 1831 ut
2101 1753 2168 1827 hac
2192 1781 2229 1827 se
2255 1778 2343 1825 ron·

1355 1866 1529 1936 solatione
1571 1877 1741 1935 sustentet
1778 1865 1962 1934 ordinatus
2006 1862 2097 1952 ipse,
2146 1854 2343 1930 hortamur.

1355 1964 1432 2037 Etsi
1455 1968 1550 2037 enim
1573 1957 1685 2035 multa
1706 1978 1740 2035 et
1768 1974 2001 2054 magnasunt
2024 1964 2063 2031 in
2086 1960 2343 2051 gubernatione

1355 2069 1530 2159 pericula,
1557 2092 1623 2136 nec
1643 2067 1716 2136 ulla
1737 2081 1789 2137 est
1811 2066 1982 2158 sapientia
2004 2059 2159 2134 humana
2180 2084 2244 2152 par
2264 2075 2343 2130 tan-

1354 2184 1390 2238 to
1418 2169 1537 2253 oneri,
1581 2183 1700 2239 tamen
1733 2168 1821 2238 sciat
1859 2164 1975 2237 Deum
2008 2187 2089 2233 vere
2121 2164 2259 2246 adesse,
2309 2172 2344 2230 et

1354 2271 1392 2339 in
1423 2269 1579 2340 Ecclesia
1609 2264 1789 2355 habitare,
1821 2270 1885 2339 ubi
1912 2292 1979 2336 vox
2007 2263 2193 2355 Evangelii
2224 2274 2344 2343 sonat,

1354 2396 1500 2464 eamque
1514 2371 1656 2440 defendi
1673 2385 1707 2440 et
1720 2372 1850 2440 servari
1866 2394 1885 2438 a
1900 2366 1987 2439 Deo.
2029 2365 2106 2435 Hac
2121 2365 2248 2435 fiducia
2266 2385 2345 2431 sus-

1354 2473 1531 2566 cipiendi,
1558 2486 1592 2541 et
1608 2472 1809 2563 perferendi
1826 2484 1910 2541 sunt
1925 2469 2016 2539 tanti
2031 2466 2222 2536 ministerii
2241 2464 2345 2533 labo-

1354 2597 1419 2643 res.
1470 2574 1582 2645 Datac
1597 2573 1655 2642 die
1669 2573 1770 2644 tertia
1784 2569 1954 2662 Augusti,
1975 2564 2083 2639 Anno
2100 2564 2208 2641 1545.
2223 2567 2262 2634 in
2279 2587 2344 2655 op-

1353 2676 1438 2767 pido
1454 2673 1657 2763 Mersburg.
1908 2682 1912 2687 '
2100 2676 2103 2681 ’

1353 3122 1420 3197 Νο.
1436 3122 1546 3212 8248.

1362 3217 1533 3249 Μ

1775 3199 1780 3208 ¹
1884 3128 1918 3193 6.
1932 3122 2015 3207 Aug.
2029 3125 2086 3204 (h.
2104 3147 2131 3187 e.
2144 3138 2179 3187 ut
2193 3125 2345 3207 videtur.)

1879 3218 2336 3255 w

1707 3342 1767 3425 M.
1797 3342 1998 3454 Helingo.

1453 3502 1538 3575 epta.
1551 3501 1598 3557 ra.
1617 3503 1653 3561 v.
1670 3524 1696 3576 p.
1708 3503 1760 3559 sss
1771 3522 1812 3575 sq.

1608 3653 1845 3727 Mauritio
1870 3653 2086 3749 Helingo.

1355 3775 1400 3867 S·
1424 3790 1469 3865 D.
1519 3788 1732 3862 Doctissime
1757 3785 1941 3870 Mauriti,
1973 3790 2160 3881 praecipua
2187 3812 2268 3881 pars
2294 3804 2346 3862 est

1355 3894 1530 3966 Ecclesiae
1548 3888 1635 3975 Dei,
1660 3914 1786 3979 agmen
1806 3887 2070 3976 scholasticum,
2095 3892 2164 3961 tale
2187 3915 2344 3982 praeser-

1356 3999 1439 4079 tim,
1465 3995 1560 4085 quod
1578 3995 1739 4062 nondum
1762 3991 1921 4078 licentia,
1946 3993 2086 4086 qualem
2108 3992 2177 4062 sibi
2199 4005 2344 4063 sumunt
2432 4074 2435 4078 ¹

1356 4096 1458 4167 multi
1485 4095 1692 4183 grandiores
1721 4108 1834 4180 natu,
1858 4108 2062 4186 corruptum
2093 4108 2154 4166 est.
2213 4093 2344 4181 Quare,

1356 4200 1417 4293 qui
1437 4199 1476 4266 in
1493 4192 1550 4266 his
1566 4191 1704 4268 Scholis
1720 4197 1867 4292 docent,
1890 4197 2083 4284 gaudeant,
2109 4218 2145 4263 se
2167 4194 2205 4262 in
2221 4194 2343 4264 statio-

1355 4324 1437 4369 nem
1458 4299 1553 4390 piam
1577 4298 1765 4367 collocatos
1789 4320 1862 4365 esse
1885 4298 1980 4365 inter
1995 4292 2150 4384 Angelos
2167 4291 2253 4374 Dei,
2280 4318 2343 4363 cu·

1355 4403 1471 4471 stodes
1490 4399 1596 4468 vestri
1611 4397 1761 4487 agminis
1784 4412 1819 4470 et
1842 4410 2037 4466 vestrorum
2057 4396 2282 4480 nidulorum,
2309 4409 2344 4466 et

1355 4525 1453 4571 snam
1480 4499 1642 4591 Spartam
1668 4514 1806 4569 ornent.
1870 4494 1949 4567 Oro
1974 4497 2080 4568 etiarn
2107 4496 2240 4566 Filium
2264 4493 2342 4582 Dei,

1354 4602 1549 4673 Dominum
1580 4614 1740 4670 nostrum
1766 4598 1880 4668 lesum
1904 4594 2108 4683 Christum,
2148 4597 2209 4691 qui
2234 4597 2340 4668 dixit:

1355 4705 1470 4775 Sinite
1484 4703 1651 4794 parvulos
1668 4702 1789 4769 venire
1812 4701 1856 4769 ad
1878 4724 1954 4784 me,
1978 4715 2018 4770 ut
2036 4714 2147 4771 servet
2162 4713 2197 4770 et
2212 4700 2341 4791 guber·

1354 4820 1414 4876 net
1432 4806 1548 4874 studia
1557 4803 1744 4873 doctrinae
1761 4802 1800 4869 in
1814 4796 1871 4869 his
1887 4801 2102 4891 regionibus.

1454 4992 1665 5093 Caspiarum
1680 4990 1917 5090 Crueigerum
1941 4995 2006 5066 tibi
2023 4996 2250 5077 commendo,
2278 4994 2341 5086 qui

1355 5102 1497 5196 quidem
1513 5114 1607 5170 tuam
1626 5122 1705 5187 erga
1722 5123 1759 5167 se
1772 5097 2052 5167 benevolentiam
2068 5109 2226 5166 amanter
2239 5117 2342 5186 prae-

1355 5203 1457 5276 dicat.
1517 5198 1676 5270 Adducit
1703 5195 1947 5268 scholasticum
1970 5190 2182 5280 Francum,
2218 5197 2342 5265 mode-

1354 5318 1445 5373 stum
1466 5302 1650 5387 iuvenem,
1682 5314 1715 5368 et
1729 5298 1924 5381 Musicnm3
1953 5297 2021 5370 Sed
2044 5297 2201 5368 fortassis
2217 5319 2340 5366 vocem

1353 5402 1463 5492 magis
1480 5426 1645 5471 canoram
1667 5400 1835 5493 requires.
1883 5396 1961 5467 Hoc
1984 5413 2140 5491 tempore
2163 5397 2242 5466 talis
2264 5420 2339 5465 non

1353 5516 1490 5597 poterat
1517 5504 1683 5575 inveniri.
1749 5500 1860 5590 Spero
1896 5513 2033 5579 tamen,
2069 5496 2162 5569 hunc
2197 5520 2340 5592 quoque

1352 5606 1452 5676 vobis
1478 5604 1557 5673 usui
1585 5606 1671 5676 sore.
1722 5599 1819 5670 Bene
1835 5601 1922 5672 vale.
1977 5600 2082 5672 Mitto
2098 5601 2201 5672 vobis
2218 5598 2339 5693 pagel-

313 5705 373 5779 hic
394 5708 579 5777 ordinatus
595 5728 679 5774 voce
692 5700 894 5794 Apostolica
917 5703 984 5774 sibi
1002 5704 1155 5795 praecipi
1172 5705 1210 5771 in
1234 5698 1300 5771 hac
1350 5710 1413 5778 las.
1461 5704 1530 5778 Die
1544 5700 1579 5780 5.
1594 5701 1755 5795 Augusti.

312 5812 512 5891 iunctione,
543 5821 583 5876 ut
605 5807 799 5877 sacerdotes
827 5808 871 5874 ad
892 5808 1085 5889 docendas,
1119 5819 1154 5875 et
1176 5826 1299 5893 regen-

311 5915 375 5984 das
390 5908 567 5984 Ecclesias
580 5907 740 5992 ordinet,
765 5919 936 5977 eteorum
951 5906 1148 5976 doctrinam
1168 5918 1202 5975 et
1220 5928 1298 5974 mo-
1409 5934 1413 5943 ·

1852 5893 2040 5990 Philippus
2062 5889 2288 5967 Melantbon.
