5325 6917
243 702 316 776 sas
460 679 468 689 '
573 705 576 712 ·
812 646 1521 780 umsuonanuu'mum
1575 702 1707 781 1545.
2175 709 2277 808 „aas

240 881 454 970 potestatem
471 866 527 940 ad
540 866 843 960 aedificationem,
864 896 937 941 non
953 867 1009 941 od
1021 868 1233 943 destructio·
1283 871 1510 960 hominibus,
1535 889 1571 946 et
1594 875 1746 946 foederis
1773 875 1866 944 inter
1894 868 2072 969 homines:
2101 855 2168 948 nec
2197 901 2270 947 esse

243 1000 336 1046 uem.
370 974 418 1043 Et
437 970 567 1043 blatth.
588 974 646 1045 15.
673 962 848 1042 Christus
864 967 1093 1045 Pharisaeos
1110 974 1234 1044 obiur-
1283 977 1482 1046 testimonia
1504 977 1781 1068 promissionum
1799 989 1834 1046 et
1855 975 1986 1066 gratiae
2000 973 2069 1045 Dei
2090 1001 2169 1068 erga
2193 1002 2271 1063 nos,

240 1083 329 1170 gab,
356 1073 447 1170 quia
468 1069 637 1142 humanu
662 1068 818 1143 traditio
841 1073 1100 1172 comprobabat
1124 1100 1243 1172 operu-
1281 1091 1385 1170 atque
1408 1080 1457 1147 ita
1481 1081 1601 1149 delent
1622 1079 1821 1148 doctrinam
1845 1080 1888 1146 de
1910 1077 2074 1147 exercitio
2090 1078 2172 1149 fidei
2186 1103 2269 1170 erga

241 1171 455 1273 pugnantia
477 1198 554 1242 cum
570 1172 750 1242 mundato
768 1171 904 1249 diuino.
1100 1185 1117 1272 J
1279 1176 1394 1248 Deum
1414 1179 1450 1247 in
1471 1203 1537 1249 usu
1556 1180 1875 1252 Sacramentorum.

346 1274 381 1345 Ο
407 1277 485 1345 lesu
509 1274 648 1345 Christe
672 1278 722 1344 fili
745 1275 813 1345 Dei
836 1277 928 1361 vivi,
962 1279 1024 1371 qui
1057 1278 1155 1346 sedes
1187 1280 1230 1346 ad
1379 1277 1526 1351 Constat
1556 1284 1660 1352 etiam
1690 1306 1731 1350 ex
1752 1277 1910 1350 historiis
1930 1277 2108 1350 Ecclesiae
2128 1282 2267 1367 veteris,

242 1382 399 1448 dextram
416 1379 550 1446 aeterni
565 1378 694 1467 patris,
721 1392 753 1447 te
769 1402 854 1462 oro,
880 1392 920 1448 ut
942 1403 1058 1448 serves
1079 1379 1145 1448 tibi
1161 1375 1244 1484 Ει-ι
1278 1380 1418 1450 circiter
1441 1396 1614 1453 trecentos
1642 1405 1755 1452 anuos
1786 1395 1865 1473 post
1888 1378 2079 1473 Apostolos
2103 1383 2267 1450 nondum

242 1481 383 1551 clesiam
400 1494 434 1549 et
451 1481 512 1547 des
529 1480 561 1546 ei
578 1481 672 1547 dona
696 1492 774 1563 tua,
796 1480 896 1550 flecte
914 1482 1051 1550 animos
1074 1502 1229 1549 summo·
1277 1482 1384 1552 fuisse
1406 1486 1696 1556 consuetudinem
1721 1484 1922 1553 celebrandi
1952 1484 2105 1573 privatas
2130 1482 2265 1555 missas.

241 1606 320 1651 rum
345 1582 642 1669 gubernatorum,
672 1593 714 1648 ut
737 1603 821 1648 cura
846 1577 974 1650 harum
997 1580 1229 1651 maximamm
1277 1581 1348 1652 Sed
1372 1598 1489 1673 postea
1516 1609 1555 1654 ex
1584 1586 1725 1654 inscitia
1755 1598 1790 1654 et
1818 1586 2064 1674 superstitione
2093 1582 2264 1674 paulatim

240 1707 359 1752 rerum
377 1683 594 1764 afficiantur,
620 1695 660 1751 ut
676 1681 791 1750 cultus
814 1682 992 1753 idolomm
1008 1699 1041 1752 et
1062 1683 1229 1772 profana·
1277 1699 1433 1773 receptae
1455 1699 1548 1759 sunt.
1599 1686 1739 1757 Deinde
1760 1688 1836 1755 sine
1858 1689 1966 1756 modo
1990 1685 2184 1755 cumulavit
2205 1705 2263 1754 eas

241 1786 355 1855 tiones
369 1784 483 1878 diuini
498 1783 665 1866 nominis,
690 1806 730 1850 ac
745 1781 966 1852 Sacramenti
985 1784 1227 1862 emendentur,
1276 1787 1432 1853 avaritia.
1837 1789 1839 1793 '

242 1898 274 1955 et
291 1887 341 1976 pii
358 1886 529 1953 luctantes
543 1906 623 1950 cum
640 1883 872 1967 dubitatione,
891 1886 1031 1954 liberati
1044 1908 1125 1953 vera
1142 1908 1228 1953 con·
1319 1885 1325 1902 '
1376 1884 1562 1957 Prodesset
1585 1889 1709 1974 etiam,
1735 1890 1763 1958 si
1785 1886 1882 1959 Deus
1905 1891 2004 1959 daret
2025 1884 2262 1969 concordiam,

241 1987 433 2068 solatione,
461 1985 657 2070 erigantur,
680 1996 714 2052 et
730 2008 810 2052 vera
829 1982 897 2053 Dei
918 1987 1050 2074 agnitio
1073 1998 1108 2054 et
1123 1985 1228 2053 invo-
1273 2000 1315 2056 ut
1337 1987 1443 2056 simul
1459 1990 1647 2058 mediocris
1661 1993 1858 2060 similitudo
1875 1993 1914 2058 in
1929 1988 2139 2059 ceremoniis
2158 1986 2263 2056 addi-

241 2089 350 2169 catio,
372 2084 447 2152 veri
464 2086 578 2153 cultus
593 2083 679 2169 Dei,
706 2087 844 2155 et'vera
868 2111 907 2154 ac
926 2087 1092 2159 salutaria
1113 2086 1226 2155 officia
1273 2088 1318 2157 tis
1333 2111 1461 2158 coenae
1476 2087 1621 2158 Domini
1639 2106 1673 2162 et
1686 2088 1863 2187 missae³⁴)
1880 2091 2142 2168 ordinarentur,
2158 2088 2260 2156 vide-

239 2186 379 2279 pietatis
400 2186 651 2258 instaurentur.
1274 2190 1372 2273 licet,
1399 2204 1438 2259 ut
1454 2194 1676 2280 praecederet
1693 2194 1864 2262 confessio
1885 2207 1920 2262 et
1933 2192 2107 2262 absolutio
2126 2212 2260 2273 eorum,

249 2369 258 2386 x
340 2285 412 2355 Nec
430 2300 526 2356 tanta
539 2302 590 2356 est
604 2288 808 2372 obscuritas,
830 2300 891 2358 aut
907 2287 1083 2358 subtilitas
1098 2282 1224 2356 harum
1274 2290 1334 2382 qui
1355 2292 1399 2358 ad
1420 2294 1705 2362 communionem
1722 2295 1893 2363 accessuri
1909 2307 2040 2376 essent,
2065 2290 2145 2371 †ac
2160 2297 2260 2379 presss

241 2390 580 2473 controversiarum,
604 2401 645 2458 ut
660 2412 681 2456 a
699 2390 924 2459 mediocriter
941 2389 1071 2473 doctis,
1096 2388 1226 2458 timen-
1273 2392 1389 2483 hyteri
1412 2388 1557 2462 honeste
1580 2397 1737 2464 adaram
1765 2394 1933 2480 starent”,
1958 2408 1992 2465 et
2012 2393 2259 2463 omitterentur

241 2490 336 2558 tibus
358 2488 494 2574 Deum,
520 2503 555 2560 et
578 2489 779 2558 amantibus
796 2492 977 2560 veritatem
999 2489 1225 2580 nonpossint
1273 2486 1432 2561 indecori
1454 2494 1543 2564 ritus
1565 2495 1604 2565 in
1628 2497 1779 2587 templo,
1806 2493 1946 2578 †velut
1960 2498 2004 2567 ad
2024 2515 2179 2563 mensam
2195 2490 2260 2559 ad·

240 2591 441 2666 diiudicari.
494 2589 569 2661 lmo
601 2589 785 2681 perspicua
807 2604 859 2660 est
877 2592 1025 2676 veritas,
1055 2605 1090 2660 et
1111 2592 1225 2660 facilis
1271 2592 1493 2666 sidentium.”

240 2695 419 2762 intellectu
435 2693 496 2776 iis,
523 2694 584 2784 qui
599 2715 671 2759 non
686 2690 841 2781 privatos
855 2692 1015 2776 allectus,
1037 2692 1138 2775 odia,
1165 2716 1223 2759 su-

240 2794 414 2884 perbiam,
449 2794 651 2874 avaritiam,
683 2791 839 2861 studium
873 2791 1132 2875 calumniandi,
1152 2793 1221 2858 ‘sed

240 2897 402 2964 thuorem
420 2893 485 2962 Del
502 2909 537 2964 et
556 2893 714 2964 studium
733 2896 993 2982 cognoscendae
1008 2891 1164 2961 veritatis
1180 2895 1222 2960 ad

241 2997 487 3066 easadlerunt.
1375 2979 1558 3054 Addamus
1591 2981 1649 3056 hie
1683 3001 1717 3055 et
1749 2991 1937 3059 articulum
1969 2994 2012 3059 de
2036 2990 2259 3060 invocatione

341 3094 525 3163 Praeterea
549 3097 626 3165 luce
649 3096 845 3164 meridiana
868 3095 997 3165 clarius
1016 3110 1085 3179 est,
1111 3094 1224 3163 saevi·
1272 3098 1490 3171 sanctorum,
1522 3088 1645 3180 quiex
1669 3082 1734 3156 hac
1757 3091 1829 3157 vita
1851 3103 2080 3161 excesserunt.
2138 3089 2259 3158 blani-

239 3198 344 3273 riam,
370 3219 459 3287 quae
476 3212 653 3266 exercetur
669 3212 813 3287 propter
828 3219 931 3265 usum
954 3196 1083 3285 integri
1100 3194 1219 3266 Sacra.
1271 3188 1399 3257 festum
1419 3201 1469 3256 est
1484 3190 1597 3272 enim,
1622 3190 1797 3258 mundum
1818 3190 1960 3280 plenum
1984 3212 2056 3259 esse
2079 3190 2257 3258 idolorum

239 3296 370 3379 mesni,
394 3296 1224 3390 sicuteamquaepropterreliquosverosarti-
1273 3283 1422 3383 cultu³⁸)
1444 3289 1483 3357 in
1504 3285 1570 3358 hac
1591 3290 1826 3363 invocatione.
1889 3288 2061 3383 Expresse
2087 3290 2257 3381 scriptum

240 3400 339 3466 culos
357 3411 554 3482 exercetur,
579 3400 703 3487 ingens
719 3411 899 3490 peccatum
918 3422 1010 3477 esse,
1036 3412 1071 3466 et
1088 3398 1225 3467 irritare
1273 3389 1538 3463 eanmund
1553 3388 1681 3465 Matth
1698 3390 1734 3465 4.
1768 3389 1977 3460 Dominum
1999 3387 2121 3460 Deum
2144 3400 2257 3476 tuum,

241 3502 328 3567 iram
344 3496 430 3578 Dei,
457 3513 490 3567 et
510 3523 664 3568 caussam
683 3523 756 3569 esse
772 3520 980 3584 magnarum
1003 3500 1223 3588 publicarum
1273 3487 1405 3572 idest,
1439 3489 1505 3586 qtei
1525 3515 1563 3559 se
1585 3490 1657 3560 tibi
1673 3515 1737 3584 per
1768 3491 1910 3561 verbum
1937 3517 2066 3575 suum,
2101 3499 2133 3561 et
2162 3501 2257 3561 certa

242 3600 492 3678 calamitatum,
517 3615 558 3668 ut
572 3597 736 3671 Christus
754 3594 886 3669 Matth.
901 3599 962 3671 23.
980 3600 1081 3668 dicit:
1108 3595 1226 3693 Super
1272 3591 1482 3662 testimonia
1520 3591 1712 3691 patefecit,
1748 3587 1961 3677 edundis,
2012 3603 2044 3662 et
2082 3590 2146 3662 illi
2183 3590 2259 3663 soli

159 3773 172 3788 ,
240 3693 566 3783 donaverimus,
591 3698 869 3798 quisueeitium
896 3709 1077 3785 exercent,
1103 3709 1225 3768 eentu-
1271 3693 1413 3764 seruies.
2086 3718 2091 3724 ·

241 3826 321 3869 rum
339 3822 412 3867 esse
424 3801 643 3893 sanguinem
662 3800 824 3872 omnium
840 3810 1062 3888 sanctorum,
1085 3800 1151 3898 qui
1166 3800 1224 3870 in·
1371 3796 1467 3868 Solet
1481 3789 1598 3866 autem
1614 3819 1741 3888 magna
1755 3797 1949 3868 multitudo
1970 3793 2155 3867 homiuum
2170 3817 2258 3865 con-

241 3899 579 4001 lerseetisuulinde
600 3928 711 4000 usque
735 3899 895 3971 ababa!
913 3899 969 3971 ud
981 3897 1223 3975 Zachariam.
1271 3895 1390 3986 fugere
1413 3900 1457 3967 ad
1479 3912 1636 3982 sanctos,
1668 3898 1768 3991 quasi
1789 3900 1874 3969 dent
1897 3900 1990 3968 bona
2015 3899 2172 3990 corporis
2196 3909 2257 3966 aut
2317 3992 2320 3997 ·

342 4002 464 4094 ltaque
489 4007 760 4092 gubernatores,
792 4004 854 4097 qui
877 4003 992 4074 Deum
1014 4008 1158 4086 timent,
1184 4030 1223 4073 ac
1271 4000 1420 4071 animae.
1471 3997 1540 4067 llic
1556 4020 1655 4066 error
1672 3998 1853 4070 manifeste
1869 4015 1921 4070 est
1935 4001 2114 4071 idolorum
2130 3999 2256 4070 cultus.
2315 4037 2319 4046 .

238 4108 358 4192 sugere
383 4105 582 4175 societatem
603 4106 754 4176 iniustae
776 4106 940 4176 saevitiae
960 4109 1127 4199 cupiunt,
1158 4131 1222 4175 nec
1371 4096 1505 4195 Aliqui
1516 4107 1637 4168 aulem
1653 4109 1834 4196 quaeruut
1850 4101 2117 4181 excusationes,
2145 4108 2175 4167 εἰ
2192 4123 2257 4165 ‘'0-

238 4209 364 4276 volunt
394 4206 550 4277 stabilire
582 4232 717 4276 errores
739 4223 772 4279 et
798 4208 1079 4297 profanationem
1108 4208 1221 4278 divini
1271 4198 1340 4269 riis
1369 4197 1550 4272 coloribus
1582 4194 1680 4271 hreno
1708 4200 1819 4270 ritum
1853 4203 2014 4300 pingunt
2046 4212 2077 4271 el
2111 4207 2256 4269 oman!-

238 4308 411 4375 nominis:
438 4302 476 4375 hi
498 4323 590 4379 certe
615 4311 745 4380 debent
770 4310 863 4399 piam
883 4311 1168 4380 reformationem
1183 4310 1221 4376 iu
1269 4298 1359 4374 Non
1383 4301 1590 4371 invocentur
1613 4300 1786 4399 inquiunt
1809 4306 1947 4386 saneti,
1980 4313 2019 4373 ut
2043 4297 2256 4383 conditores,

238 4404 296 4476 bis
319 4407 476 4477 articulis
502 4423 535 4479 et
561 4410 640 4479 aliis
664 4412 851 4494 adiuvare,
883 4434 922 4480 ac
951 4411 1160 4481 nominatim
1184 4425 1223 4479 ut
1269 4411 1336 4471 aut
1352 4398 1532 4502 effectores
1546 4397 1724 4473 donorum
1741 4401 1914 4492 illorum,
1938 4401 2064 4475 sedat
2086 4401 2253 4474 s‘nterces-

238 4505 416 4579 Ecclesiae
436 4525 528 4581 recte
550 4513 594 4580 de
610 4510 836 4582 Sacrameuto
853 4511 1010 4601 corporis
1025 4525 1059 4581 et
1078 4511 1219 4600 sangui·
1268 4527 1379 4578 sores.
1431 4503 1504 4574 Hic
1512 4503 1628 4603 sucus
1645 4498 1717 4575 hue
1736 4504 1927 4604 perspicua
1953 4501 2182 4603 responsione
2201 4523 2256 4570 re-

239 4613 295 4679 nis
309 4605 442 4680 Christi
462 4613 681 4695 erudiantur,
708 4614 793 4706 quid
812 4613 861 4680 ibi
878 4609 1102 4697 exhibeatur,
1127 4625 1161 4681 et
1177 4613 1219 4679 ad
1261 4605 1428 4704 sutuiun

238 4737 342 4806 quem
362 4713 515 4781 fructum
539 4708 624 4783 haee
646 4717 775 4784 sumtio
799 4715 959 4784 instituta
983 4714 1048 4797 sit,
1074 4726 1109 4782 et
1131 4739 1221 4806 quo·
1370 4708 1414 4777 lu
1431 4707 1604 4795 Ecclesia,
1628 4733 1690 4780 seu
1708 4711 1746 4778 in
1765 4710 1897 4801 populo
1919 4707 2006 4794 Dei,
2031 4709 2130 4777 mdla
2153 4707 2256 4774 invo-

238 4816 345 4882 niodo
363 4814 494 4904 prosit,
523 4828 556 4882 et
579 4815 675 4883 utin
698 4841 764 4883 usu
786 4841 914 4894 coenae
935 4814 1081 4885 Domini
1106 4816 1222 4884 luceat
1268 4808 1360 4879 catio
1384 4813 1560 4895 docenda,
1591 4813 1827 4897 instituenda,
1860 4825 1921 4881 aut
1950 4811 2159 4881 stabilienda
2184 4820 2253 4889 est,

239 4936 343 4982 verus
362 4914 560 4986 intellectus
574 4914 810 5001 Sacramenti,
832 4933 866 4988 et
881 4919 984 5002 fides,
1010 4931 1045 4986 et
1059 4917 1151 4988 adsit
1166 4918 1222 4986 re·
1270 4934 1358 5003 quae
1382 4912 1420 4980 in
1444 4913 1553 4982 verbo
1576 4910 1663 4999 Dei,
1696 4937 1761 4983 nec
1790 4929 2013 5006 praeceptum
2044 4913 2157 4981 ullum
2190 4931 2254 4977 nec

237 5014 408 5100 verentia,
433 5040 522 5109 quae
536 5018 634 5087 decet
648 5017 686 5083 iu
701 5013 868 5096 Ecclesia,
893 5041 939 5086 ne
954 5016 1220 5089 Sacramentum
1270 5015 1467 5104 exemplum
1485 5010 1601 5084 habet.
2219 5097 2222 5104 Ι
2334 5105 2337 5110 Ι

238 5113 427 5184 obiiciatur
440 5117 566 5206 porcis,
581 5134 621 5188 ut
634 5111 836 5210 prohdolor
852 5117 1049 5188 tristissima
1064 5121 1222 5210 exempla
1371 5115 1601 5186 Manifestum
1619 5128 1670 5186 est
1692 5130 1808 5186 autem
1825 5116 1863 5184 in
1885 5116 2021 5207 scriptis
2036 5109 2255 5204 Propheticis
2330 5113 2336 5124 '

236 5216 502 5307 conspiciuntur
528 5218 567 5288 in
595 5222 680 5289 orbe
708 5232 898 5298 terrarum,
931 5220 968 5286 in
995 5219 1056 5289 illa
1087 5221 1221 5309 ingenti
1269 5231 1303 5287 et
1333 5216 1548 5309 Apostolicis
1580 5241 1724 5310 prorsus
1757 5219 1897 5286 nullum
1931 5230 2156 5309 praeceptum
2191 5225 2254 5282 aut

159 5375 164 5383 .
236 5319 467 5388 multitudine
489 5320 712 5392 indoctorum
735 5335 770 5396 et
792 5319 982 5411 impiorum
1008 5322 1220 5394 sacrificulo-
1269 5321 1467 5410 exemplum
1481 5315 1587 5388 huius
1602 5318 1835 5388 invocationis
1850 5331 1976 5391 extare.
2008 5315 2058 5390 Et
2071 5316 2177 5390 Rom.
2195 5311 2254 5383 14.

237 5444 316 5489 rum
338 5435 373 5490 et
397 5418 672 5509 monachorum,
697 5423 759 5516 qui
781 5419 919 5492 tantum
942 5422 1076 5493 ventris
1100 5446 1220 5493 caussa
1268 5421 1417 5490 dicitur:
1443 5415 1634 5518 Quicquid
1649 5444 1723 5489 nou
1740 5428 1791 5490 est
1809 5441 1855 5490 ex
1867 5413 1966 5512 fide,
1991 5422 2253 5517 peccatumesl.

235 5521 359 5610 legunt
372 5524 506 5595 missas.
558 5522 646 5594 ltem
664 5529 757 5615 apud
776 5520 1058 5619 Anubuplistus,
1083 5538 1117 5594 et
1131 5524 1220 5595 alios

235 5623 296 5714 qui
313 5624 358 5689 de
374 5621 609 5693 Sacramentis
626 5629 789 5715 profanas
810 5627 996 5718 opiniones
1011 5623 1160 5712 habent,
1186 5639 1219 5697 et
1299 5698 1347 5765 34)
1367 5699 1657 5753 mmmm
1670 5697 1863 5750 mmmm
1881 5691 2055 5761 mmmm,
2073 5693 2182 5747 amm
2193 5673 2254 5745 ise·

235 5724 360 5791 dicunt
384 5722 435 5789 ibi
457 5736 595 5791 tantum
616 5749 741 5817 panem
767 5743 800 5797 et
828 5730 952 5798 viuum
979 5724 1154 5814 exhiberi,
1183 5742 1219 5798 et
1336 5785 1392 5821 m,
1404 5769 1559 5822 „mim-e,
1576 5767 1901 5832 mmlpmmum,
1919 5762 2247 5818 mammonae.

234 5822 460 5895 Sacramenta
482 5836 619 5895 tantum
637 5848 710 5896 esse
730 5829 830 5918 signa
849 5830 1078 5922 professionis
1099 5854 1216 5900 coram
1301 5855 1348 5925 8⁵)
1367 5855 1433 5909 Pa.
1446 5853 1687 5907 semronitarum
1698 5854 1832 5908 ceterum.

1272 2749 1332 2821 De
1348 2751 1577 2854 invocatione
1588 2753 1827 2845 Sanctorum,
1851 2757 1917 2856 qui
1935 2780 1982 2828 ex
2003 2751 2075 2827 fiac
2097 2754 2172 2824 vitu
2196 2775 2260 2824 ex·

1680 2869 1871 2934 cesserunt.
