5325 6917
299 666 377 753 stt
886 651 1329 734 ttelsrouaRtJM
1380 654 1488 735 ΜΒ.
1511 656 1576 735 ΙΧ.
1628 655 1766 737 1644.
2015 683 2019 693 “
2268 654 2346 733 816

302 845 361 923 cui
378 862 443 911 vos
465 835 581 931 priori
599 829 741 904 scholae
759 830 1053 922 gubernationem
1067 829 1297 899 commenda·
1350 853 1447 916 care,
1481 830 1619 922 siquid
1642 829 1881 923 adiiciendum
1905 828 1951 899 sit
1972 830 2018 898 ad
2037 830 2219 902 ducentos.
2270 824 2347 900 Re-

302 933 811 1035 ctis,probabiliconsilio,ut
826 956 900 1002 non
917 932 1063 1011 dubito,
1089 943 1299 1013 excuterem,
1322 889 1327 1005 ι
1350 932 1503 1022 signavit
1522 927 1689 1001 Sabinus
1719 933 1852 1002 litteras
1876 933 1920 1001 ad
1951 952 2016 1000 nos
2047 931 2215 1021 scriptas,
2248 933 2346 1022 quod

304 1048 465 1121 divinam
482 1038 702 1110 vocationem
719 1034 991 1118 conturbarem,
1018 1048 1053 1103 et
1068 1027 1209 1103 homini
1231 1028 1300 1100 ho-
1323 1022 1327 1068 *
1350 1035 1485 1104 nollem
1497 1035 1647 1119 factum,
1673 1047 1707 1103 et
1726 1034 1867 1119 scribit,
1892 1057 1928 1103 se
1942 1033 2137 1123 petiturum
2152 1032 2267 1102 maius
2282 1033 2347 1103 sti-

302 1164 403 1223 nesto
419 1140 630 1216 beneficium
644 1152 800 1209 vestrum
816 1137 999 1228 eriperem.
1050 1132 1148 1204 Haec
1177 1148 1300 1229 tyran·
1351 1135 1542 1228 pendium,
1576 1160 1616 1203 ac
1641 1135 1881 1225 profecturum
1904 1158 1977 1203 esse
2002 1136 2046 1203 ad
2070 1135 2208 1209 ducem.
2266 1130 2347 1205 Etsi

304 1253 384 1324 nica
404 1271 470 1317 nec
486 1247 611 1314 decent
631 1265 706 1326 me,
732 1264 796 1309 uec
811 1251 1013 1327 congruunt
1029 1251 1176 1307 naturae
1191 1258 1301 1304 meae.
1352 1227 1442 1306 mibi
1466 1237 1655 1328 displicent
1673 1231 1778 1323 haec,
1802 1251 1920 1308 tamen
1938 1260 2011 1304 non
2027 1236 2194 1325 impedio.
2221 1231 2346 1330 ὀρθὸν

304 1354 396 1426 Nam
409 1326 527 1443 ¹qualis
538 1344 653 1438 qualis
668 1366 766 1426 sum,
791 1354 883 1411 certe
892 1337 922 1435 ²)
938 1339 1184 1432 aequalitatem
1201 1338 1301 1406 illam
1350 1334 1390 1413 δ’
1410 1334 1467 1414 ὅτι
1482 1334 1539 1411 dci
1553 1334 1610 1421 τὶς
1623 1332 1781 1427 ἐπαίνει,
1806 1340 1895 1408 solet
1914 1339 2020 1427 vulgo
2035 1337 2125 1423 dici,
2151 1363 2191 1408 ac
2206 1339 2347 1426 vellem,

304 1478 412 1550 quam
437 1448 571 1521 iustitia
597 1443 798 1528 constituit,
824 1467 917 1512 amo.
965 1437 1020 1511 Ac
1046 1465 1142 1525 nuuc
1170 1437 1303 1533 enarro,
1351 1442 1527 1537 siquidem
1567 1445 1727 1512 deserere
1769 1436 1970 1511 Marchiam
2017 1441 2108 1509 serio
2150 1440 2346 1523 constituit,

305 1558 471 1652 quintum
484 1544 717 1631 Ethicorum,
743 1546 807 1616 ubi
829 1548 873 1615 de
895 1540 961 1614 hac
984 1542 1196 1638 aequalitate
1218 1565 1300 1610 cum
1352 1570 1433 1615 eum
1462 1569 1536 1613 non
1564 1544 1743 1613 offendere
1778 1543 1882 1613 initio
1913 1543 2132 1613 voluntatem
2162 1544 2346 1634 principis.

305 1660 376 1730 alia
405 1653 518 1724 multa
548 1674 626 1720 sum
656 1648 885 1718 concionatus
896 1643 943 1740 ³),
977 1660 1053 1716 tum
1081 1639 1167 1713 baec
1192 1644 1299 1715 etiam
1351 1642 1400 1717 Et
1421 1642 1488 1716 hoc
1510 1672 1630 1717 meum
1648 1646 1838 1715 consilium
1859 1645 1891 1714 ei
1912 1658 2014 1715 antea
2029 1644 2236 1733 significavi.
2274 1645 2344 1717 Sed

306 1760 395 1832 dixi:
427 1758 507 1826 ideo
527 1753 700 1823 virtutum
722 1750 976 1841 descriptiones
999 1747 1104 1816 nobis
1127 1744 1302 1815 divinitus
1353 1749 1470 1819 nescio
1496 1771 1542 1816 au
1567 1742 1658 1816 mihi
1678 1747 1725 1816 sit
1739 1749 2064 1838 obtemperaturus,
2091 1747 2268 1816 excruciat
2289 1772 2347 1817 me

304 1871 520 1932 monstratos
547 1878 638 1937 esse,
682 1866 724 1924 ut
751 1854 836 1923 inde
863 1853 1060 1935 discamus,
1111 1848 1227 1941 qualis
1255 1845 1302 1916 sit
1353 1874 1436 1919 sane
1459 1850 1533 1919 suis
1560 1849 1729 1920 consiliis.
1789 1845 1984 1939 Composui
2014 1848 2124 1937 igitur
2148 1846 2347 1939 Epistulam

306 1961 414 2036 Deus.
473 1955 566 2028 Cum
594 1956 729 2026 iustitia
761 1955 807 2025 sit
843 1951 1057 2045 aequalitas,
1091 1950 1243 2021 sciamus
1268 1960 1304 2016 et
1353 1954 1397 2022 ad
1416 1950 1572 2035 Ducem,
1597 1964 1638 2020 ut
1656 1965 1690 2020 te
1716 1950 1888 2030 levarem,
1914 1973 1988 2017 non
2010 1950 2187 2018 scribendi
2213 1951 2347 2038 labore,

306 2064 423 2136 Deum
440 2059 621 2153 aequalem
639 2081 711 2125 esse
726 2057 893 2126 omnibus
909 2078 988 2124 eum
1004 2051 1252 2149 invocantibus
1262 2045 1302 2145 ⁴).
1353 2056 1413 2124 sed
1430 2054 1593 2123 molestia
1609 2051 1831 2143 cogitationis
1842 2052 1886 2119 de
1905 2075 1943 2119 re
1958 2053 2122 2120 absurda.
2172 2050 2254 2121 Mea
2268 2053 2345 2122 for-

306 2166 390 2238 Non
403 2164 602 2239 tribuamus
619 2158 651 2225 ei
667 2158 893 2253 tyrannidem
909 2170 950 2227 ut
965 2156 1123 2249 quidam,
1139 2153 1200 2245 qui
1216 2147 1303 2220 hor·
1352 2179 1410 2223 ma
1426 2154 1474 2225 sic
1488 2154 1573 2226 satis
1587 2155 1784 2223 verecunde
1799 2153 1927 2245 scripta
1945 2167 2008 2233 est,
2030 2177 2094 2222 nec
2107 2153 2216 2222 velim
2232 2147 2344 2251 ἁδρό-

306 2268 421 2338 ridius
452 2266 496 2333 de
525 2260 698 2331 electione
736 2261 926 2334 disserunt.
986 2257 1058 2328 Sed
1086 2252 1173 2325 haec
1205 2253 1302 2325 alias.
1351 2280 1442 2351 τερα
1462 2256 1582 2329 scribi.
1634 2254 1675 2327 Si
1696 2255 1865 2346 placebit,
1899 2254 2066 2324 asc'ribito
2087 2268 2190 2326 tuum
2214 2281 2347 2326 nomen

308 2369 413 2440 Nunc
427 2380 461 2436 te
480 2388 585 2454 rogo,
611 2375 653 2432 ut
667 2386 784 2447 cures,
812 2368 857 2431 u'e
879 2361 929 2445 is,
955 2359 1013 2430 cui
1031 2372 1148 2447 vestro
1169 2355 1301 2426 iudicio
1354 2373 1388 2429 et
1409 2358 1568 2448 obsigna.
1619 2352 1718 2428 Audi
1741 2358 1840 2427 aliud
1863 2355 1964 2452 (mea
1987 2357 2131 2449 quidem
2154 2355 2348 2454 sententia)

307 2466 428 2541 schola
450 2466 695 2538 commendata
717 2478 788 2549 est,
830 2464 1051 2534 detrudatur.
1109 2456 1187 2548 Ego
1210 2469 1302 2527 certe
1354 2452 1601 2555 ἀτοπώτερον.
1653 2458 1755 2543 Vidit
1776 2460 1813 2526 in
1831 2460 1962 2528 nostris
1988 2459 2113 2528 litteris
2137 2459 2214 2528 dari
2238 2461 2349 2553 quin.

201 2548 203 2552 Ι
308 2598 388 2642 eum
412 2556 884 2638 eiicieafunctiouenolim.
935 2561 1073 2632 lustitia
1099 2574 1167 2643 est,
1198 2582 1301 2629 suum
1353 2560 1659 2657 quagintaViatici
1675 2562 1831 2644 nomine,
1847 2560 1886 2630 id
1901 2561 1970 2630 iam
1986 2562 2139 2650 postulat
2153 2561 2223 2630 sibi
2235 2562 2347 2649 mitti,

308 2688 427 2743 tenere
456 2663 714 2762 quenquam⁵).
773 2660 936 2734 lnv'euiet
958 2654 1129 2732 Rosinus
1158 2662 1197 2729 in
1230 2660 1300 2729 alio
1353 2665 1453 2759 quasi
1472 2664 1645 2755 acceperit
1660 2664 1891 2736 functionem.
1929 2659 2067 2732 Iudicio
2083 2663 2257 2733 iniustum
2272 2687 2348 2734 esse

308 2777 387 2845 loco
410 2771 628 2840 [strictionem
653 2763 856 2846 honestam,
883 2789 955 2858 qua
978 2766 1016 2834 in
1036 2789 1073 2833 rc
1093 2786 1174 2831 eum
1198 2758 1302 2830 adiu-
1353 2790 1450 2835 nunc
1475 2790 1556 2835 eum
1582 2766 1749 2857 accipere.
1807 2762 1919 2857 quue
1939 2765 1981 2832 'ei
2010 2764 2228 2854 significabo,
2288 2765 2350 2838 Tu

308 2877 418 2959 vabo;
440 2867 556 2964 non⁰)
578 2893 637 2937 ero
652 2869 814 2951 adiutor,
836 2881 878 2937 ut
891 2868 1001 2936 alium
1018 2880 1091 2935 arte
1115 2878 1177 2934 aut
1200 2863 1238 2932 vi
1260 2885 1302 2931 ex
1353 2880 1500 2959 propter
1530 2891 1686 2936 amorem
1717 2889 1796 2958 erga
1825 2886 1882 2934 me
1913 2878 2015 2936 tuum
2029 2881 2079 2937 ‘et
2103 2867 2349 2939 misericordia

265 3038 267 3042 ,
307 2976 491 3048 vocatione
507 2970 663 3059 legitima
677 2970 839 3041 excutiat.
891 2999 893 3003 ¹
1354 2969 1446 3038 filiae
1472 2993 1569 3038 meae
1590 2969 1629 3036 in'
1652 2992 1782 3038 eumes
1798 2968 2052 3056 indulgentior.
2103 2967 2173 3039 Sed
2193 2970 2350 3073 ubicun-

410 3074 552 3146 Gratias
575 3094 640 3161 ago
662 3071 785 3141 amicis
802 3065 899 3148 xmihi
914 3072 1063 3139 salutem
1081 3067 1301 3157 optantibus3
1356 3093 1424 3163 que
1438 3071 1522 3149 erit,
1545 3070 1684 3140 utinam
1697 3070 1815 3141 studia
1831 3094 1870 3138 ac
1888 3070 2174 3140 benevolentiam
2189 3074 2351 3162 pruden-

308 3204 390 3250 nam
419 3190 622 3247 sanctorum
651 3196 771 3264 preces
792 3172 913 3261 magni
935 3173 1036 3241 facio.
1094 3167 1302 3240 Rescribam
1355 3187 1451 3253 tum,
1475 3172 1611 3243 diutiss.
1632 3169 1803 3257 retineat,
1837 3196 1877 3240 ac
1899 3198 1971 3264 quo
1991 3173 2175 3257 tendebat,
2200 3174 2253 3242 ibi
2273 3176 2350 3245 lor-

309 3280 447 3353 consuli
463 3280 567 3358 alias,
590 3289 625 3343 ct
645 3274 801 3342 vicissim
819 3298 881 3342 oro
897 3270 1033 3357 Deum,
1060 3284 1100 3341 ut
1115 3293 1179 3339 vos
1191 3284 1227 3339 et
1242 3292 1304 3338 ve·
1357 3288 1446 3344 tasse
1462 3274 1581 3343 minus
1597 3287 1767 3346 tueretur.
1818 3271 1908 3343 Nam
1930 3287 2056 3343 natura
2080 3271 2350 3347 eiusmihiiam

308 3397 418 3453 stram
444 3378 626 3446 ecclesiam
641 3376 824 3459 gubernet
848 3388 883 3443 et
907 3388 1032 3446 servet.
1091 3370 1189 3442 Bene
1215 3371 1303 3444 vale.
1356 3375 1440 3445 satis
1463 3389 1644 3467 perspecta
1668 3389 1738 3459 est,
1770 3387 1806 3445 et
1827 3388 1863 3445 te
1886 3371 2068 3444 hominem
2092 3372 2349 3468 philosophum

312 3481 369 3558 15.
384 3481 489 3551 Febr.
509 3500 603 3546 anno
623 3472 734 3548 1544.
866 3512 871 3526 ·
1356 3478 1491 3547 moveri
1512 3477 1620 3546 velim
1642 3478 1799 3547 siderum
1823 3477 1951 3568 positu.
2010 3476 2125 3547 Habet
2147 3478 2186 3547 in
2208 3479 2350 3568 virgine

1025 3570 1092 3648 Ph.
1117 3574 1204 3648 Mel.
1357 3580 1565 3649 coniunctos
1586 3577 1782 3649 Saturnum
1807 3592 1841 3649 et
1857 3577 2009 3650 Martem
2036 3581 2074 3648 in
2088 3595 2211 3672 quarta
2228 3583 2350 3659 domo.

1278 3726 1281 3734 ·
1359 3677 1417 3750 An
1446 3695 1486 3751 tu
1515 3676 1679 3751 Astream
1701 3681 1751 3750 sic
1773 3681 1939 3750 afflictam
1962 3705 2037 3750 non
2067 3705 2206 3770 gemere
2236 3697 2351 3776 putas

1357 3775 1573 3878 ἅφιλόσοφα
1588 3783 1683 3852 enim
1699 3777 1763 3854 καὶ
1777 3775 1952 3878 φιλότιμα
1966 3777 2044 3873 bis,
2070 3797 2104 3853 et
2128 3786 2198 3855 alia
2220 3769 2377 3857 similia'

329 3947 343 3980 γ
1199 3942 1260 4005 Fb
1356 3885 1609 3973 significantur.
1668 3882 1804 3954 Vereor
1831 3897 1864 3954 et
1892 3885 2149 3954 confractiones
2175 3888 2353 3980 patrimo-

309 3944 506 4073 Q
1103 3943 1304 4066 (w
1355 3987 1499 4055 uiorum
1523 3986 1724 4076 significari.
1740 4003 1750 4045 .'
1774 3985 1957 4057 Postremo
1983 3983 2206 4059 scholasticas
2221 4012 2350 4078 operas

580 4122 720 4206 Ioach
768 4117 1017 4207 camerario
1336 4087 1509 4171 tasson,
1532 4085 1661 4157 'aulam
1685 4101 1720 4159 et
1745 4087 1938 4178 legationes
1961 4090 2104 4181 appetit.
2159 4088 2259 4178 Quae
2280 4092 2351 4161 etsi

509 4249 511 4259 .
723 4181 734 4204 ⁶
1004 4187 1029 4261 ι’
1355 4196 1438 4259 sunt
1460 4190 1614 4280 speciosa
1638 4202 1674 4259 et
1694 4190 1761 4259 tibi
1780 4191 1957 4281 praeclara
1981 4192 2094 4261 videri
2118 4214 2192 4260 non
2209 4191 2351 4281 ignoro,

310 4302 314 4312 '
377 4281 1234 4365 Epist.adcsmerar.p.4ttsqq.(ed.L0nd.tV.ep.814.).
1355 4304 1471 4360 tamen
1497 4291 1541 4360 de
1566 4304 1695 4360 eventu
1718 4316 1792 4361 non
1818 4317 1960 4385 possum
1983 4317 2058 4362 non
2075 4316 2147 4363 esse
2162 4295 2350 4372 sollicitus.

1354 4390 1452 4461 Haec
1475 4416 1550 4462 uon
1572 4394 1688 4462 scribo
1712 4393 1817 4464 aliam
1840 4396 1887 4463 ob
1909 4418 2082 4480 caussam,
2106 4395 2178 4463 nisi
2195 4410 2237 4466 ut
2252 4398 2350 4488 cogi·
2380 4390 2382 4393 ’

1356 4509 1407 4565 tes
1435 4495 1471 4562 in
1503 4519 1546 4575 eo
1577 4497 1876 4582 commendando,
1902 4519 1968 4565 nos
1998 4521 2073 4566 non
2101 4512 2265 4589 oportere
2292 4500 2350 4570 uti

1354 4599 1512 4690 μακροῖς
1541 4593 1677 4677 αὐλοῖς.
1734 4595 1904 4667 Nostmm
1939 4599 2084 4690 quidem
2115 4613 2184 4681 est,
2217 4600 2350 4670 iactam

1356 4700 1432 4768 eius
1465 4700 1682 4767 mentionem
1715 4721 1787 4766 esse
1817 4700 1861 4767 ad
1886 4700 2021 4769 ducem
2046 4695 2251 4786 Albanum,
2282 4705 2349 4772 sed

310 4766 353 4860 S.
378 4781 423 4858 D.
474 4778 564 4850 Heri
595 4777 718 4846 eadem
748 4774 856 4862 hm,
889 4803 969 4847 cum
994 4779 1137 4871 quidem
1166 4803 1303 4850 mecum
1355 4823 1450 4869 nunc
1467 4799 1542 4867 vela
1559 4798 1674 4868 ventis
1691 4787 1945 4888 permittamus,
1972 4799 2136 4873 achum
2149 4825 2349 4894 precemur,

311 4900 400 4959 esset
426 4876 630 4975 sagatius,
664 4891 742 4949 1⁰³⁵
767 4879 885 4969 accepi
905 4880 1059 4964 Ῑῖῑῑθῐθὸ,
1090 4874 1249 4951 ammes
1271 4895 1305 4950 θῑ
1354 4913 1394 4971 ut
1415 4897 1544 4990 Remp.
1565 4913 1598 4971 et
1626 4924 1693 4969 nos
1721 4915 1818 4990 regat
1834 4917 1867 4972 et
1891 4919 2016 4979 servet.
2076 4904 2275 4976 Sententias
2301 4906 2350 4976 de

311 4990 490 5080 sapienter
505 4984 665 5073 scriptas,
691 4996 726 5053 et
739 4979 952 5065 Sabinianas
967 4977 1303 5057 satisvehementes.
1355 4986 1484 5096 qnihil,
1500 5001 1722 5092 difformis,
1747 5004 1838 5094 legi,
1865 5008 1997 5077 multae
2015 5021 2099 5078 sunt
2112 5008 2262 5097 ineptae,

310 5089 469 5164 Accersit
485 5080 670 5178 Sabinum
693 5085 764 5153 dux
787 5075 961 5151 Athertus
985 5084 1029 5151 ad
1050 5078 1206 5153 scholam
1230 5083 1304 5157 Re·
1456 5095 1581 5172 Alesia)
1603 5095 1738 5174 morem
1761 5130 1889 5196 geram,
1942 5107 2040 5197 Quid
2064 5109 2353 5182 somniatvespet

311 5194 597 5285 giomontanam‚
633 5201 669 5257 el
692 5208 757 5256 ¹¹0⁵
784 5185 882 5257 iuhel
905 5186 950 5254 de
971 5185 1148 5278 8ῑῖΡθΠῐῙῙΟ
1170 5187 1310 5282 Signi&
1353 5198 1618 5304 ματαιολόγος,
1646 5210 1740 5300 quod
1757 5209 1822 5293 ait,
1848 5208 1990 5279 Vicium
2007 5212 2154 5299 originis
2175 5233 2249 5281 esse
2274 5237 2353 5282 non

1355 5302 1525 5400 στέρησιν
1542 5306 1721 5394 lusticiae‚
1748 5311 1862 5403 qualis
1878 5312 1916 5378 in
1935 5309 2154 5397 Adamfuit,
2180 5315 2241 5382 sed
2259 5337 2352 5407 qua-

1355 5409 1399 5478 lis
1416 5434 1511 5480 rrrrnc
1527 5434 1600 5480 esse
1616 5413 1751 5497 debeat.
1793 5407 1852 5480 An
1868 5414 1936 5481 alia
1960 5414 2015 5483 lex
2032 5428 2106 5484 erat
2121 5412 2234 5499 Adae,
2260 5417 2353 5487 scri-

344 5507 374 5571 2)
393 5506 481 5560 nanc.
495 5512 588 5572 Μία,
607 5521 637 5557 0¹
650 5504 762 5558 mendo.
1355 5524 1414 5602 pta
1431 5525 1465 5580 ct
1478 5512 1599 5582 lucens
1615 5512 1654 5581 in
1672 5513 1747 5582 eius
1761 5527 1897 5598 mente,
1922 5516 2027 5584 aliam
2043 5517 2162 5606 postea
2181 5518 2219 5585 in
2236 5519 2353 5588 saxeis

343 5591 374 5746 2))
391 5590 645 5741 2²:223ss
658 5587 957 5728 ssffffizzifmmh
1356 5612 1486 5682 tabulis
1502 5611 1611 5683 Moisi
1632 5614 1796 5705 scriptam
1817 5616 1941 5706 putat?
1990 5613 2072 5687 Scio
2096 5643 2160 5688 cur
2180 5620 2229 5690 ita
2244 5620 2355 5707 dicat,

345 5757 643 5829 5)1)„,„4„,m4„‚
901 5819 904 5823 ι
1356 5716 1417 5784 sed
1434 5727 1537 5784 errat.
1588 5714 1681 5791 Sunt
1697 5728 1731 5785 et
1746 5715 1815 5798 alia
1837 5713 1921 5813 περὶ
1937 5712 2124 5816 διαφορᾶς
2139 5707 2369 5817 &napserim

344 5846 375 5911 6)
393 5844 482 5901 nanc
495 5848 593 5896 autem
604 5837 680 5913 quod
695 5856 751 5893 non
764 5836 923 5895 habetest.
1356 5839 1446 5908 quae
1465 5815 1694 5886 cruditiorem
1711 5816 1984 5910 explicationem·
1994 5824 2192 5916 requirunt,
2207 5825 2252 5896 de
2265 5824 2353 5918 qui·

309 4445 471 4524 Clariss.
502 4445 581 4517 viro
618 4438 820 4513 eruditione
858 4451 891 4512 et
933 4441 1062 4512 virtute
1095 4440 1308 4561 praestanti

310 4545 556 4624 Ioacttmo
598 4538 876 4615 Camerario
911 4539 1138 4639 Pubergenst
1185 4542 1305 4616 antico

695 4670 764 4716 suo
788 4667 944 4716 carasca
