5325 6917
301 666 377 744 ddi
465 736 468 741 ,
567 670 569 673 ’

303 831 529 911 Clarissimo
543 830 637 922 uiro,
661 828 864 904 eruditione
877 839 909 901 et
926 828 1056 900 virtute
1073 826 1292 926 praestanti,

304 934 348 1012 D.
377 929 549 1007 lodan.
576 925 965 1010 Bretscfsneider,
1005 926 1166 1000 Ductori
1196 927 1292 1000 artis

501 1031 696 1122 Medieae,
713 1032 841 1133 srntri
852 1056 922 1103 suo
936 1026 1096 1102 colendo.

305 1158 351 1251 s.
373 1175 421 1250 D.
471 1171 615 1248 Clariss.
638 1172 694 1242 vir
716 1186 752 1243 et
773 1170 891 1240 cariss.
909 1170 1035 1251 frater,
1070 1178 1173 1237 vocat
1195 1179 1230 1235 te
1254 1163 1294 1234 in

306 1276 535 1350 Academiam
555 1297 655 1346 suam
672 1271 935 1343 lllustrissimus
954 1268 1035 1339 Dux
1050 1261 1294 1362 Pomeraniae

305 1367 573 1475 Philippus*),
598 1388 640 1447 nt
656 1398 700 1444 ex
713 1373 828 1445 literis
843 1370 954 1463 ipsius
969 1372 1011 1440 ad
1031 1383 1065 1440 te
1083 1369 1222 1461 scriptis
1237 1369 1294 1437 in-

260 1553 264 1563 ,
305 1481 461 1572 telliges,
491 1499 581 1570 quas
603 1467 783 1548 exhibebit
803 1473 936 1543 nobilis
954 1470 1019 1541 Vir
1039 1470 1154 1561 gentis
1168 1466 1293 1539 Pome-

306 1583 448 1656 ranicae
463 1571 678 1662 Adrianus,
692 1577 749 1645 vir
764 1570 933 1644 honestus
949 1586 983 1642 et
999 1569 1171 1642 eruditus.
1203 1568 1294 1640 Iussi

302 1698 348 1757 *nt
369 1682 532 1753 ostendat
553 1679 620 1749 tibi
642 1677 747 1748 etiam
770 1677 889 1745 literas
911 1676 956 1743 ad
981 1696 1038 1741 me
1060 1672 1224 1763 scriptas,
1256 1671 1293 1738 in

308 1784 440 1879 quibus
463 1779 596 1850 mentio
619 1775 659 1847 fit
686 1777 740 1848 tui
762 1771 969 1845 honorifica.
1025 1770 1164 1861 Quaeso
1189 1774 1297 1862 igitur

308 1899 353 1958 ut
372 1880 470 1955 huuc
490 1880 649 1950 nobilem
664 1878 781 1947 virum
796 1870 1008 1944 Adrianum
1029 1888 1189 1943 amanter
1204 1871 1298 1942 cxci-

308 1986 406 2077 pias,
437 1996 473 2053 et
495 1982 538 2051 de
560 1979 730 2071 petitione
754 1974 933 2068 Principis
958 1975 1143 2048 deliberes.
1194 1972 1298 2045 Certe

308 2085 423 2156 virtus
445 2096 497 2152 est
512 2080 637 2150 eximia
651 2077 848 2169 Principis,
873 2089 908 2147 et
929 2078 972 2146 de
987 2072 1154 2146 Ecclesiis
1176 2089 1210 2144 et
1234 2076 1299 2143 do-

309 2184 434 2256 ctrinis
456 2195 547 2252 recte
571 2195 606 2252 et
621 2180 773 2270 graviter
786 2179 929 2249 iudicat.
979 2173 1078 2246 Bene
1094 2177 1181 2245 vale.
1230 2172 1300 2244 Die

311 2288 371 2361 17.
384 2282 522 2357 Martii.

1020 2731 1023 2739 .
1140 2677 1199 2741 18.
1210 2630 1301 2733 Men.

1122 2760 1294 2794 m

309 2671 378 2745 No.
393 2669 506 2743 2882.

314 2767 487 2799 Μ

581 2848 732 2935 ΙοαοῙι.
757 2844 1014 2935 Camerario.
1066 2924 1068 2927 ,

378 3029 464 3105 Epist.
477 3028 512 3085 ed
526 3026 663 3083 cmm.
675 3044 703 3098 p.
716 3025 769 3081 467
775 3044 816 3099 sq.
836 3023 889 3096 (ed.
899 3025 992 3079 tona
1010 3022 1057 3079 lib.
1069 3021 1118 3080 lV.
1134 3042 1178 3096 ep.
1191 3021 1275 3093 dih).

310 3181 537 3262 Clarissimo
559 3183 638 3255 uiro
665 3176 867 3252 eruditione
887 3189 918 3250 et
943 3179 1073 3251 virtute
1093 3178 1305 3275 praestanti

268 3298 272 3304 '
334 3282 582 3361 lonchimo
601 3275 883 3357 Camerario
906 3275 1136 3377 Pubergensi
1159 3279 1279 3351 arnico

652 3406 722 3453 suo
746 3405 952 3458 carsssrrno.

312 3498 358 3590 S·
382 3515 429 3592 D.
471 3503 600 3609 Cogite
616 3511 810 3585 concilium
826 3523 858 3585 et
870 3537 996 3611 pacem
1013 3508 1165 3584 laudate
1175 3508 1303 3585 seden-

314 3627 386 3689 tes:
417 3612 495 3688 Illi
513 3613 631 3686 arenis
652 3614 693 3686 in
716 3637 830 3709 regna
854 3624 984 3698 ruunt,
1009 3617 1128 3708 inquit
1143 3615 1303 3702 Turnus,

313 3735 355 3793 ut
373 3716 579 3789 meministi.
634 3713 689 3787 Ita
710 3718 798 3787 dum
819 3712 954 3814 Spirae
976 3717 1020 3786 de
1039 3717 1157 3785 nescio
1173 3718 1304 3810 quibus

313 3822 419 3911 nugis
435 3820 634 3910 litigamus,
661 3817 774 3889 Tucci
793 3818 944 3908 grassari
957 3818 997 3886 in
1012 3815 1208 3886 Pannoniis
1222 3841 1304 3910 per·

313 3935 415 4013 gunt.
444 3919 534 3991 Heri
550 3920 645 3990 enim
661 3920 797 3991 litteras
810 3944 851 3990 ex
864 3918 1052 3989 Pannonia
1069 3918 1198 4009 accepi,
1214 3942 1304 4013 quae

314 4036 464 4094 narrant
480 4044 603 4092 recens
625 4023 703 4091 loca
723 4020 841 4091 vicina
866 4019 1021 4091 Posonio
1046 4034 1214 4112 occupata
1231 4044 1305 4090 esse

313 4121 512 4197 aTurcicis
534 4122 733 4193 latronibus
750 4123 879 4213 passim
895 4122 1115 4211 vagantibus.
1166 4120 1304 4192 Interea

315 4242 436 4298 tamen
459 4225 567 4295 etiam
588 4223 626 4292 in
649 4222 816 4320 ifilocis,
842 4246 932 4316 quae
947 4223 1115 4291 servitute
1130 4245 1223 4291 nova
1239 4246 1305 4313 op-

881 657 1323 752 EPISTOLARUM
1374 661 1481 742 LIB.
1506 662 1572 744 tx,

1286 751 1311 762 ς

1313 759 1616 792 Ἣ

1623 639 1773 789 ¹54⁴ss

1346 826 1412 902 No.
1428 829 1541 901 2883.

1352 925 1523 958 ὈΝ

1748 1031 1917 1117 Eidem.

1450 1180 1535 1254 Epist.
1550 1182 1584 1239 sd
1599 1184 1739 1241 Csmcmr.
1754 1205 1780 1259 p.
1795 1187 1848 1253 464
1865 1207 1906 1259 sq.

1348 1322 1574 1407 Clarissimo
1597 1335 1674 1406 uiro
1697 1333 1899 1409 eruditione
1923 1347 1955 1408 et
1978 1336 2108 1408 eirttde
2127 1339 2342 1435 praestanti

1372 1429 1616 1509 Inachimo
1640 1427 1922 1510 Camerario
1946 1433 2175 1534 Pudergensr'
2193 1440 2313 1511 amico

1732 1564 1800 1610 suo
1827 1565 1957 1615 conss.

1348 1677 1394 1770 S.
1419 1698 1464 1772 D.
1522 1700 1721 1771 Meministi
1743 1704 1856 1774 nostri
1880 1700 2007 1775 theatri
2033 1704 2182 1785 iudicia,
2222 1706 2340 1797 qualia

1348 1801 1531 1875 laetasint
1553 1805 1695 1888 deme,
1726 1829 1807 1875 curn
1829 1823 1910 1876 ante
1936 1829 2047 1876 nnrros
2068 1809 2205 1889 decem,
2227 1807 2341 1877 editis

1349 1903 1455 1975 Locis
1479 1899 1726 1994 Theologieis,
1763 1906 1993 1999 disputassem
2016 1908 2185 1999 quaedam
2217 1907 2339 1976 minus

1351 2000 1508 2089 horride,
1522 2029 1628 2098 quam
1639 2020 1738 2075 antea
1756 2006 1794 2074 in
1810 2007 1924 2077 ruinis
1936 2009 2147 2077 nsornssticae
2157 2008 2338 2076 doctrinae

1353 2105 1533 2197 proposita
1548 2106 1701 2179 fuerant.
1759 2103 1807 2177 Et
1829 2121 1930 2178 erant
1946 2108 2007 2199 (μή
2035 2133 2089 2175 me
2110 2095 2366 2197 suspieal›an·‘

1353 2221 1413 2278 tur
1426 2221 1565 2298 captare
1572 2220 1754 2297 potentum
1770 2208 1917 2277 favores.
1942 2208 2069 2278 Noster
2082 2202 2339 2306 pegae-paine'),

1353 2308 1431 2377 ioco
1446 2307 1594 2394 fortasse
1610 2302 1698 2375 mihi
1714 2308 1924 2393 obiiciebat,
1949 2310 2083 2377 ambire
2105 2335 2162 2378 me
2183 2312 2342 2399 galerum

1352 2412 1431 2480 τῶν
1453 2401 1683 2503 εὐπαρύφὼν
1705 2404 1915 2502 ἀρχιερέων.
1977 2407 2079 2479 Adeo
2108 2435 2180 2478 sion
2212 2424 2342 2481 temere

1354 2510 1489 2579 dictum
1508 2523 1559 2579 est
1571 2503 1644 2579 eiad
1661 2505 1773 2580 παντὶ
1789 2506 1901 2605 λίθῳ,
1925 2505 1978 2603 μὴ
1993 2504 2089 2603 δάκῃ
2104 2504 2241 2605 ῥήτωρ,
2265 2509 2342 2608 χρὴ

1354 2605 1502 2703 ἀθρεῖν.
1553 2607 1624 2680 Sed
1639 2605 1736 2680 Deus
1750 2611 1847 2682 testis
1863 2626 1932 2697 est,
1959 2635 2014 2680 me
2031 2636 2095 2680 nec
2112 2612 2245 2701 ingenii
2259 2614 2341 2681 lau-

1354 2714 1453 2796 dem,
1478 2733 1543 2779 nec
1561 2711 1676 2780 studia
1691 2710 1801 2780 ullius
1816 2712 1924 2803 partis
1937 2726 2147 2803 aucupatum
2162 2736 2254 2797 esse,
2280 2717 2341 2783 sed

1354 2834 1438 2881 vero
1454 2822 1489 2880 et
1502 2810 1656 2903 simplici
1670 2812 1788 2881 studio
1805 2813 1981 2892 veritatis,
2008 2814 2228 2902 diligentiam
2244 2814 2342 2885 illam

1354 2911 1394 2981 in
1418 2910 1650 3003 explicatione
1671 2908 1890 2984 adhibuisse:
1917 2914 2081 2984 videbam
2098 2940 2204 3008 quam
2219 2917 2346 2987 confu-

1354 3036 1410 3083 sas
1442 3011 1629 3104 opiniones
1658 3025 1695 3083 et
1723 3013 1874 3084 insulsas
1904 3014 2008 3085 multi
2039 3015 2345 3094 circumferebant.

1354 3109 1402 3183 Et
1416 3112 1593 3182 iuventuti
1609 3125 1739 3199 metae,
1764 3127 1804 3183 ut
1825 3115 1864 3183 in
1881 3116 2016 3185 artibus
2031 3116 2108 3185 fieri
2121 3140 2261 3188 necesse
2282 3132 2346 3205 est,

1354 3213 1604 3283 monstrandae
1618 3214 1773 3287 fuerunt.
1801 3211 1967 3308 Optarim
1984 3230 2101 3287 autem
2115 3241 2172 3286 me
2188 3242 2208 3287 a
2224 3220 2348 3290 multis

1355 3315 1517 3385 adiutum
1527 3336 1611 3388 esse.
1632 3312 1823 3408 Nunquam
1833 3317 1929 3386 enim
1938 3342 2055 3388 meum
2064 3318 2234 3388 iudicium
2242 3344 2347 3411 prae-

1355 3415 1423 3485 tuli
1431 3411 1610 3486 Ecclesiae
1625 3415 1769 3492 iudicio.
1803 3415 1923 3506 Quare
1938 3419 1982 3487 de
2000 3419 2044 3488 iis
2060 3419 2240 3490 sententiis
2252 3444 2344 3513 quas

1357 3509 1483 3585 Alesia
1501 3515 1602 3601 misi,
1627 3517 1784 3588 iudicare
1804 3543 1886 3605 vos,
1912 3532 1947 3588 et
1970 3520 2114 3613 quidem
2137 3543 2253 3590 severe
2279 3517 2347 3594 καὶ

1355 3621 1403 3711 τῇ
1417 3621 1497 3688 aoiu
1509 3611 1780 3715 dpeeoauyecoir
1797 3615 1969 3715 ἀκριβείᾳ
1975 3672 1986 3705 ,
2009 3622 2103 3694 volo.
2154 3618 2253 3690 Idem
2271 3622 2349 3693 dixi

1356 3732 1439 3789 ante
1452 3742 1565 3788 annos
1580 3732 1657 3788 octo
1667 3711 1834 3787 Lutfsero
1849 3722 1915 3813 ipsi
1934 3746 2071 3792 mecum
2086 3733 2122 3791 et
2136 3746 2217 3791 cum
2233 3746 2348 3796 σταυ-

1357 3812 1511 3916 ροφόρῳ
1526 3813 1838 3916 expostulanti**).
1889 3822 2056 3893 statuetis
2074 3822 2182 3912 igitur
2196 3826 2240 3893 de
2258 3826 2349 3895 meis

1358 3921 1504 4011 pagellis
1530 3933 1645 3989 vestro
1675 3919 1835 3996 arbitrio.
1895 3920 2012 3992 Velim
2041 3938 2159 3995 autem
2186 3928 2230 3995 de
2258 3921 2350 3995 mihi

1358 4021 1572 4113 significare,
1597 4021 1684 4115 qnid
1698 4023 1934 4098 decreveritis.

1426 4229 1427 4233 ’
1457 4215 1621 4291 Brutum
1645 4223 1710 4293 tibi
1734 4224 1835 4294 mitto
1852 4250 1932 4294 cnm
1954 4224 2126 4295 libertatis
2140 4224 2350 4316 inscriptio-

185 4511 188 4516 ,
315 4428 470 4497 misiam
484 4429 529 4497 ad
543 4425 668 4497 celeste
686 4425 859 4498 auxilium
880 4423 1185 4514 confugientibus,
1207 4437 1305 4517 post-

314 4349 433 4424 pressa
452 4340 554 4407 snut,
587 4323 853 4397 constituuntur
877 4321 1072 4408 Ecclesiae,
1099 4324 1203 4392 credo
1226 4324 1306 4392 ani·
1357 4346 1422 4405 ne,
1453 4324 1592 4415 quaerit
1618 4325 1712 4392 enim
1737 4326 1913 4396 civitatem
1939 4351 1974 4395 se
2009 4327 2217 4417 digniorem.
2277 4328 2349 4399 Sed

1358 4448 1405 4495 an
1441 4420 1626 4519 Philyram
1657 4441 1809 4496 vestram
1851 4429 2063 4518 probaturus
2103 4427 2167 4513 sit,
2218 4431 2350 4500 nescio.

316 4551 425 4623 quam
437 4549 594 4617 pugnare
606 4550 682 4595 non
698 4540 856 4618 possunt.
906 4522 955 4596 Et
971 4548 1073 4618 spero
1087 4521 1204 4596 Deum
1219 4526 1306 4595 reli·
1358 4524 1477 4597 llnam
1505 4528 1597 4611 scio,
1629 4527 1761 4620 inqua
1789 4530 1821 4596 ei
1848 4531 1945 4598 locus
1975 4530 2059 4613 erit,
2091 4529 2128 4596 in
2150 4527 2261 4600 Cattis
2287 4553 2351 4600 seu

317 4628 419 4722 quiae
434 4623 630 4710 Ecclesiae,
653 4638 694 4695 ut
711 4649 848 4718 semper
863 4640 1084 4696 servaturum
1102 4649 1175 4695 esse
1194 4628 1306 4696 mira·
1358 4624 1562 4710 Tencteris,
1608 4653 1712 4720 quam
1741 4626 1853 4698 Graio
1886 4631 2031 4699 nomine
2065 4624 2179 4723 Sigen
2209 4648 2352 4707 vocant.

315 4728 384 4800 bili
412 4726 532 4801 modo.
586 4721 680 4794 Nam
699 4725 799 4795 vides
823 4727 998 4819 praesidia
1018 4722 1174 4797 humana
1205 4728 1306 4798 nulla
1358 4722 1469 4796 Eram
1492 4729 1664 4797 missurus
1687 4752 1833 4797 aureum
1855 4729 2049 4815 nomisma,
2074 4734 2262 4824 quodcum
2280 4719 2351 4801 hoss

243 4841 273 4897 .’
316 4852 401 4903 esse.
451 4817 832 4916 NecmibiSpirenses
854 4827 1011 4896 actiones
1033 4828 1184 4918 placent.
1232 4825 1307 4898 Pax
1359 4827 1417 4895 die
1435 4851 1585 4919 quaero,
1609 4851 1782 4919 nusquam
1797 4831 1953 4903 invenio.
2005 4833 2204 4923 praeripuit
2218 4832 2352 4925 aliquis

316 4922 495 5002 aCaroIo
513 4924 661 5019 petitur,
688 4926 750 4995 sed
768 4927 836 5011 ita,
861 4941 902 4997 ut
922 4927 1155 4997 verecundius
1171 4928 1307 5019 petive—
1359 4920 1562 5023 uisitator
1582 4928 1729 5018 opinor,
1750 4944 1811 5001 aut
1834 4954 1896 5021 ego
1920 4935 2052 5004 oblitus
2071 4948 2169 5017 snm,
2192 4957 2265 5026 quo
2294 4959 2355 5004 re-

315 5032 391 5104 rint
404 5026 676 5102 Lacedaemonii
698 5047 818 5118 pacem
841 5029 887 5098 ab
900 5022 1198 5113 Atheniensibus,
1227 5053 1307 5098 cum
1358 5030 1550 5120 posuerim.
1603 5019 1699 5097 Bene
1721 5031 1809 5106 vale.
1863 5034 1987 5103 Mense
2002 5033 2146 5107 Martio.
2380 5046 2383 5050 ’

317 5134 412 5204 cives
426 5133 471 5201 ad
485 5128 614 5224 Pylum
629 5129 667 5198 in
685 5128 801 5199 insula
818 5130 1041 5199 circumcessi
1054 5144 1179 5202 essent.
1209 5128 1308 5199 Bene
1980 5203 1987 5216 ,
2008 5201 2016 5215 ‚
2312 5126 2317 5136 ’
2344 5155 2347 5162 ·

317 5236 414 5318 vale,
439 5232 497 5301 die
513 5227 648 5305 xvltt
666 5227 775 5305 Mart.
827 5227 922 5301 Aula
939 5228 1065 5355 danica
1082 5254 1179 5321 spem
1201 5226 1309 5304 habet
1921 5196 2109 5290 Ph¹l¹f¹P¹¹⁵
2128 5195 2308 5271 Melanbh‘

319 5334 426 5429 pacis.

880 5423 1070 5523 Philippus
1084 5429 1259 5511 Melanth.

1397 5539 1427 5607 *l
1446 5538 1591 5596 Pantanus.
1610 5538 1641 5594 C.
1656 5538 1713 5611 W.

1399 5620 1446 5692 ΙμΨ)
1463 5622 1506 5677 De
1519 5640 1603 5677 coena
1616 5643 1636 5678 s.

358 5730 390 5799 θ)
414 5728 498 5784 Anno
518 5723 592 5780 1544.
611 5722 723 5804 ederent
737 5720 823 5795 'legati
849 5727 959 5799 Ducum
981 5727 1127 5786 Pomersn.
1140 5730 1315 5806 viaticam

392 5796 508 5855 tortus·
518 5794 602 5867 igitur
614 5800 692 5864 sprec
706 5789 741 5845 td
752 5791 826 5848 huuc
837 5813 939 5851 annum
953 5799 1077 5870 pertinet.
