5325 6917
324 772 398 845 887
899 760 1341 840 EPISTOLARUM
1399 761 1507 840 LlB.
1542 762 1606 839 tx.
1661 759 1794 840 1645.
2320 757 2392 830 888

328 952 473 1034 propter
488 963 598 1030 genus
616 939 788 1009 sermonis
810 952 844 1009 ct
862 958 934 1007 res:
959 940 1020 1007 sed
1037 938 1123 1008 libri
1143 939 1323 1028 magnitu-
1372 933 1461 1010 Deo.
1492 935 1590 1006 Haec
1605 961 1686 1007 cum
1703 937 1892 1008 scriberem
1908 949 1981 1006 erat
1994 957 2144 1005 mecum
2162 929 2355 1025 quispiam
2367 926 2392 1019 ²)

329 1048 376 1114 do
400 1068 475 1114 non
497 1043 661 1131 congruit
683 1042 755 1110 illis
777 1036 927 1111 Scholis.
979 1040 1018 1112 Si
1041 1042 1127 1134 quid
1145 1029 1322 1110 Caesaris
1374 1063 1415 1108 ex
1431 1037 1541 1129 Regis
1556 1032 1756 1108 Fernandi
1777 1040 1922 1123 scribis,
1945 1039 2008 1131 qui
2030 1036 2235 1116 adfirmat,
2265 1032 2390 1102 Tucci-

329 1145 438 1216 velles
461 1143 873 1235 interpretari‚,mallem
895 1142 981 1212 belli
1002 1144 1118 1213 civilis
1136 1139 1320 1213 historiam
1374 1165 1456 1211 cum
1480 1156 1673 1237 tyrannum
1698 1141 1859 1233 proxima
1883 1154 2009 1210 aestate
2030 1141 2298 1209 adducturum
2322 1159 2387 1205 esse

328 1247 499 1340 proponi,
525 1268 632 1339 quam
650 1244 734 1312 belli
749 1240 897 1330 Gallici,
923 1245 1005 1338 quia
1023 1268 1138 1315 sermo
1151 1247 1188 1314 in
1204 1258 1324 1338 poste-
1374 1244 1553 1334 ingentem
1569 1244 1761 1315 exercitum
1780 1243 1818 1311 in
1830 1242 2066 1323 Pannoniam,
2095 1266 2142 1310 ac
2162 1240 2309 1328 legatos
2318 1226 2386 1307 Ca-

329 1350 486 1420 rioribus
509 1348 581 1416 illis
602 1346 704 1415 libris
728 1348 772 1415 de
796 1347 891 1417 bello
907 1347 1006 1415 civili
1027 1348 1170 1439 planior
1188 1360 1222 1417 et
1240 1347 1323 1417 dul·
1376 1343 1451 1415 roli
1467 1345 1555 1438 lmp.
1574 1360 1608 1417 et
1625 1347 1776 1417 aliorum
1786 1343 1926 1435 Regum
1942 1344 2057 1414 teneri
2073 1358 2265 1436 tanquam
2282 1345 2383 1434 capti-

332 1453 484 1523 ciorest.
538 1446 580 1516 ln
596 1444 744 1517 Iustino
761 1464 796 1519 et
810 1473 865 1518 res
882 1450 1027 1519 mutilae
1053 1464 1153 1534 sunt,
1176 1463 1210 1519 et
1227 1445 1322 1519 Ora·
1375 1472 1447 1533 vos,
1473 1473 1539 1518 nec
1556 1449 1658 1519 aliter
1672 1448 1895 1539 respondisse
1911 1461 2128 1541 tyrannum,
2161 1445 2240 1514 nisi
2259 1468 2297 1513 se
2312 1445 2382 1515 illos

330 1555 381 1623 tio
399 1552 506 1620 nimis
523 1551 652 1625 brevis.
702 1550 774 1636 Sed
791 1566 909 1621 tamen
930 1546 1022 1619 mihi
1038 1552 1151 1642 placet
1169 1544 1326 1645 Georgii
1374 1551 1412 1619 in
1427 1552 1598 1621 comitatu
1612 1574 1730 1620 secum
1746 1550 1783 1618 in
1798 1548 2021 1619 Pannoniam
2036 1550 2291 1617 reducturum
2306 1571 2379 1619 esse.

331 1654 535 1737 consilium,
570 1652 654 1745 quia
677 1655 784 1722 series
804 1648 1097 1723 Monarchiarum
1122 1668 1156 1724 et
1176 1651 1324 1743 Regno·
1476 1646 1882 1746 SynodusTrideatina
1900 1652 2069 1742 dissipata
2088 1664 2161 1725 est.
2210 1647 2378 1720 Beneve-

212 1766 216 1773 ’
329 1780 410 1826 rum
429 1756 479 1826 ibi
494 1754 646 1824 indicari
661 1769 786 1844 potest.
837 1754 985 1838 Malim,
1011 1750 1222 1824 Salustium
1237 1780 1321 1847 pro·
1374 1754 1418 1829 le.
1471 1753 1630 1827 Salutem
1646 1768 1731 1847 opto
1748 1751 1792 1829 D.
1809 1752 1958 1826 Ductori
1972 1748 2147 1824 Antonio
2173 1749 2284 1827 1545.

330 1859 428 1949 poni.
490 1854 532 1924 ln
550 1852 727 1925 Suetonio
748 1871 901 1949 quatuor
916 1854 1082 1927 Caesares
1103 1873 1205 1943 sunt,
1230 1882 1321 1950 qno-
1465 1849 1467 1854 ’
1934 1900 1937 1903 <
2024 1886 2067 1962 p·
2092 1882 2330 1960 Melanthon.

332 1985 412 2029 rum
430 1959 535 2028 lectio
550 1959 650 2028 utilis
666 1972 733 2043 est,
761 1958 884 2042 lulius,
909 1955 1111 2047 Augustus,
1132 1959 1319 2052 Vespasia-

330 2085 418 2144 nus,
443 2058 566 2144 Pater,
590 2074 625 2130 et
639 2058 763 2146 Titus,
787 2062 893 2131 filius.
954 2059 997 2128 ln
1013 2062 1158 2131 caeteris
1172 2064 1320 2132 obscoe-

330 2164 423 2233 nitas
439 2163 545 2231 nimis
560 2186 686 2253 magna
704 2177 765 2236 est.
830 2161 975 2233 Utinam
991 2152 1221 2260 Cuspiniani
1232 2162 1322 2235 Cae-

330 2288 424 2335 sares
439 2264 633 2353 germanici
648 2265 785 2334 meliori
808 2287 933 2354 genere
949 2260 1135 2335 Orationis
1153 2267 1321 2357 descripti
1384 2302 1439 2374 No
1466 2303 1566 2374 3512

330 2379 454 2438 essent.
505 2364 646 2435 Horum
668 2361 838 2438 historiae
859 2392 914 2436 res
929 2362 1062 2438 habent
1079 2371 1184 2440 nobis
1206 2370 1320 2437 utiles.
1380 2352 1593 2437 (σνς’,
2207 2398 2368 2431 Μ

328 2466 378 2538 Et
386 2469 455 2537 fuit
464 2468 575 2538 virtus
586 2469 625 2536 in
640 2468 1008 2559 nostrisPrincipibus
1023 2471 1147 2554 maior,
1164 2494 1269 2562 quam
1280 2471 1319 2538 in
1412 2478 1416 2487 '
1735 2497 2010 2609 (Studiosis)

330 2567 477 2639 Graecis
495 2582 556 2639 aut
569 2568 754 2643 Romanis.
795 2565 949 2639 Pulchre
962 2572 1091 2662 scripta
1107 2586 1159 2643 est
1172 2567 1317 2640 historia
1406 2563 1414 2576 '
1981 2567 1991 2587 ’

327 2670 438 2740 cladis
455 2670 649 2739 Varnensis
665 2695 685 2740 a
700 2670 880 2762 Scriptore
893 2673 1044 2759 recenti,
1069 2669 1162 2743 hanc
1176 2689 1320 2765 propter
1473 2679 1582 2753 Scripta
1600 2678 1675 2751 publ·
1693 2676 1781 2733 acad.
1799 2675 1927 2732 Witteb·
1945 2676 1980 2735 Τ.
1996 2676 2017 2731 l·
2038 2695 2068 2750 p.
2083 2678 2149 2736 139.

327 2795 383 2841 res
400 2784 433 2842 et
448 2794 558 2861 genus
575 2774 748 2843 sermonis
763 2797 865 2865 posse
881 2775 1016 2844 utiliter
1031 2777 1186 2870 proponi
1200 2776 1319 2847 existi-

326 2899 397 2948 mo·
449 2872 608 2943 genev,
659 2871 726 2959 Die
745 2875 825 2947 Nat.
839 2871 1003 2952 Lutheri·
1418 2827 1622 2932 Philippus
1655 2827 1888 2925 Melanthea
1930 2828 2332 2932 (Scholasticis.)

2181 2134 2368 2145 —n—-—

1156 2976 1251 3050 Phil.
1370 2955 1618 3065 Tempestates
1634 2972 1825 3063 significari
1846 2972 1966 3065 positu
1981 2973 2196 3060 stellarum,
2228 2970 2371 3047 hocan-

1372 3102 1419 3147 no
1443 3070 1642 3147 illustribus
1658 3073 1827 3167 exemplis
1843 3075 2079 3146 animadverti
2094 3078 2237 3168 potuit.
2287 3078 2369 3150 Nam

331 3202 1311 3215 ----·····-··-------
1371 3180 1507 3251 siccitas
1522 3190 1602 3269 post
1616 3175 1748 3247 lulium
1761 3176 1916 3266 insignes
1933 3201 2056 3248 causas
2073 3172 2223 3267 habuit,
2247 3196 2371 3275 etpost

1371 3285 1461 3352 duos
1472 3303 1611 3349 menses
1627 3290 1819 3371 coeperunt
1839 3279 1982 3369 exiguae
2001 3280 2154 3371 pluviae
2177 3306 2270 3369 esse,
2295 3310 2370 3357 cum

333 3388 520 3467 μ’
996 3422 998 3425 -
1138 3350 1311 3472 Q
1369 3382 1475 3455 Luna
1491 3382 1591 3452 venit
1607 3384 1653 3452 ad
1669 3377 1816 3452 humida
1834 3381 1951 3470 signa3
1978 3396 2012 3452 et
2031 3406 2136 3453 nunc
2153 3400 2211 3456 est
2225 3387 2266 3455 in
2279 3385 2368 3459 Can·

1371 3510 1451 3572 cro,
1481 3499 1516 3556 et
1543 3484 1724 3554 concurrit
1743 3479 1950 3553 Haedorum
1977 3496 2012 3553 et
2034 3479 2197 3556 Orionis
2219 3513 2365 3576 occasus,

679 3538 733 3625 N·
762 3539 965 3623 Medlm·
1370 3589 1414 3658 de
1440 3613 1511 3681 quo
1540 3580 1732 3681 Virgilius
1761 3584 1896 3679 inquit:
1936 3581 2136 3657 Nimbosus
2161 3585 2283 3660 Orion
2304 3604 2365 3666 cte.

391 3717 416 3770 A
435 3714 541 3773 mm,
561 3732 604 3788 ep.
621 3715 666 3798 ‚⁴⁸·
684 3717 754 3772 edita
777 3737 808 3772 ,¹
829 3717 892 3773 cod.
909 3715 1004 3772 bavari
1024 3734 1053 3788 p.
1071 3718 1161 3789 1076,
1189 3739 1265 3777 „m
1286 3741 1316 3777 ο,
1368 3690 1507 3760 Harum
1521 3712 1641 3759 rerum
1656 3687 1854 3759 doctrinam
1869 3710 1987 3756 amare
2002 3688 2093 3758 utile
2109 3706 2178 3761 est.
2205 3690 2261 3761 lbi
2275 3695 2364 3762 enim

421 3787 518 3841 eodem
541 3784 684 3857 tempu.
1369 3806 1404 3863 et
1419 3787 1487 3861 hoc
1509 3789 1747 3861 animadverti
1769 3801 1902 3882 potest,
1927 3788 2045 3860 Deum
2061 3794 2363 3883 sapientissimum

465 3939 556 4012 1²⁰²·
575 3940 686 4013 Du·
711 3939 919 4017 N²⁶⁰²⁰⁰
939 3939 1163 4018 Meam
1367 3893 1591 4067 {iiiiii
1618 3894 2361 4088 ttstttt‘sslttttrtttttat‘dtt‘

320 4073 365 4165 S.
388 4094 433 4167 D.
478 4092 525 4166 Et
539 4120 603 4188 pro
620 4110 787 4190 perpetua
804 4110 863 4167 tua
879 4121 959 4188 erga
977 4123 1043 4169 nos
1057 4102 1314 4190 benevolentia,
1366 4113 1461 4177 tum,
1494 4111 1528 4169 et
1555 4093 1662 4167 hodie
1687 4093 1775 4166 hora
1800 4097 1902 4168 tertia
1927 4100 2130 4169 secundum
2154 4024 2285 4172 libraria
2303 4104 2357 4170 in-

319 4211 354 4268 et
369 4225 434 4290 pro
449 4194 599 4269 historia
617 4200 815 4291 conscripta
831 4199 895 4269 tibi
913 4202 1061 4288 gratiam
1077 4198 1203 4279 habeo.
1242 4204 1313 4277 Le-
1365 4195 1520 4284 cboaho,
1547 4200 1609 4293 qni
1629 4199 1767 4270 erudite
1782 4200 1825 4268 de
1839 4200 2111 4290 tempestatibus
2130 4217 2169 4273 et
2181 4205 2357 4293 regionum

316 4300 368 4391 git
382 4295 566 4372 historiam
582 4296 662 4371 heri
676 4316 785 4372 totam
802 4303 839 4369 in
860 4327 968 4372 coena
991 4301 1036 4378 D.
1051 4302 1185 4377 Doctor
1197 4303 1312 4377 Mar·
1363 4303 1501 4372 vicibus
1518 4303 1671 4371 disserit.
1721 4299 1842 4390 Quare
1858 4295 2097 4376 Scholasticos
2116 4300 2298 4392 adhortor,
2319 4320 2356 4377 ut

316 4402 429 4489 linus,
455 4405 622 4496 adquam
639 4406 673 4473 d.
690 4398 893 4489 Pastorem,
916 4393 1165 4501 Crucigerum‚
1191 4404 1309 4480 Geor·
1361 4405 1616 4499 frequentiores
1633 4403 1790 4478 audiant.

314 4499 419 4596 gium
434 4501 622 4574 Maiorem
640 4520 675 4577 et
687 4532 744 4576 me
761 4503 955 4601 vocarat¹),
980 4524 1020 4578 ut
1034 4509 1159 4580 solitus
1174 4527 1240 4597 est,
1267 4538 1308 4583 eo

315 4604 374 4673 die
389 4608 519 4676 amicos
533 4633 669 4682 vocare.
728 4607 818 4678 Nam
836 4610 951 4700 pridie
968 4609 1120 4680 Martini
1137 4627 1238 4683 natus
1257 4629 1308 4686 est

312 4698 524 4792 Lulherus,
547 4733 587 4777 ac
611 4735 707 4779 nunc
730 4707 876 4782 inchoat
896 4737 1030 4781 annum
1053 4716 1306 4804 sexagesimum

314 4809 522 4883 secundnm.
575 4803 653 4878 Oro
674 4811 938 4899 autemDeum‚
963 4829 1004 4885 ut
1018 4831 1132 4887 servet
1154 4831 1189 4887 et
1210 4834 1306 4908 regat
1358 4763 1562 4892 Q
2184 4777 2342 4900 Q

312 4911 393 5000 pios
418 4908 606 4996 Doctores,
627 4911 817 5018 'principes
839 4930 871 4985 et
890 4917 1065 5003 civitates,
1092 4944 1182 5012 quac
1200 4945 1304 5010 prae-
1470 4968 1472 4976 ›
1694 4962 1751 5045 B·
1777 4960 1815 5047 S
1834 4963 1933 5047 hall

310 5011 398 5081 bent
411 5007 564 5103 hospitia
582 5014 746 5097 ecclesiis,
770 5014 859 5082 sicut
876 5040 1094 5106 sperarenos
1108 5022 1220 5104 iussit,
1245 5024 1303 5091 in-
1734 5025 1745 5048 '
1813 4990 1834 5045 ⁰
1931 4992 2010 5052 Μ’

311 5112 454 5205 quiens:
487 5109 649 5196 Beatus,
676 5112 743 5213 qui
764 5111 942 5209 intelligit
966 5141 1074 5215 super
1096 5143 1245 5211 egenum
1270 5134 1302 5194 et
1424 5142 1510 5215 Epist.
1532 5140 1579 5198 tib.
1597 5141 1634 5195 lt.
1651 5159 1678 5213 p.
1692 5138 1753 5193 476.
1772 5136 1850 5207 (edit.
1869 5138 1956 5195 lond.
1973 5138 2010 5195 11.
2029 5158 2078 5214 ep.
2093 5121 2186 5218 505).
2207 5160 2208 5163 ¹

306 5237 503 5310 pauperem
511 5244 524 5291 ;
552 5210 668 5286 indie
690 5213 795 5286 mala
816 5214 989 5289 liberabit
1007 5245 1085 5291 eum
1101 5219 1302 5297 Dominus.

308 5316 440 5407 Magna
457 5319 614 5411 profecto
631 5321 786 5411 pericula
808 5322 985 5393 sustinent
1006 5326 1184 5419 principes
1202 5343 1236 5400 et
1251 5331 1302 5399 ci-
1508 5297 1562 5372 D·
1588 5296 1658 5371 Ba
1670 5294 1920 5369 '²⁰1⁰m030
1946 5293 2209 5379 schamem

306 5420 449 5505 vitates,
484 5416 636 5513 hospitia
665 5424 819 5491 ecclesiis
848 5422 916 5492 Dei
946 5429 1162 5518 praebentes.
1228 5432 1298 5503 Sed
1351 5401 1396 5493 S
1413 5420 1458 5498 D·
1509 5418 1724 5492 charissime
1746 5417 1791 5490 D·
1815 5418 2089 5510 Barl⁰l⁰m³ee‚
2125 5424 2245 5522 Saepe
2268 5422 2347 5498 mihi

306 5543 429 5612 spero,
453 5519 569 5593 Deum
588 5523 638 5591 eis
653 5526 858 5615 adfuturum
875 5551 960 5602 esse.
997 5527 1071 5599 Nos
1087 5556 1228 5626 quoque
1243 5537 1300 5605 di·
1352 5526 1518 5616 cogitanti
1546 5526 1590 5593 de
1610 5522 1810 5616 Republica
1830 5536 1864 5593 et
1888 5523 1932 5591 de
1954 5527 2170 5613 posteritate
2197 5535 2238 5603 in
2261 5546 2349 5604 tanta

304 5621 454 5713 ligenter
476 5649 592 5695 mores
616 5638 757 5695 nostros
780 5652 959 5719 regamus,
984 5655 1031 5701 ne
1054 5634 1298 5709 abiiciamura
1350 5628 1583 5721 imperiorum
1612 5625 1859 5718 dissipatione,
1892 5624 1981 5697 lenit
2009 5640 2138 5703 tamen
2172 5630 2261 5711 haec
2288 5659 2349 5709 une

1854 4621 2157 4636 Μ-.-

1355 5830 1559 5843 ..u-nn*

335 5951 362 6016 1)
379 5948 469 6003 Dana.
488 5946 749 6006 aemendatione:
768 5960 927 6007 vacaverat.
1382 5949 1517 6024 D'Dane.
1538 5952 1669 6009 mendose
1686 5951 1844 6024 quisquam.
