5325 6917
550 2099 887 2213 ANNAnns
925 2101 1145 2193 vluna
1180 2105 1498 2196 PHILIPPI
1535 2107 2068 2203 MnnANnfloNJs.

1168 2336 1450 2349 Ἡ

1144 2543 1306 2623 ΑΝΝΟ
1341 2548 1474 2627 1543.

289 2746 354 2811 lan.
412 2746 477 2813 Sub
493 2750 583 2811 initio
599 2748 690 2810 huius
706 2751 778 2809 anni
793 2752 843 2811 vel
858 2763 989 2813 exeunte
1004 2772 1083 2814 anno
1101 2754 1199 2824 1642
1213 2759 1353 2838 abrogata
1367 2772 1411 2820 est
1427 2756 1626 2839 Witcbergae
1639 2763 1767 2822 elevatio
1784 2765 1818 2822 iu
1834 2782 1914 2824 sacra
1930 2784 2031 2826 coena.

322 2892 352 2951 1.
412 2882 518 2948 Prodit
532 2880 606 2945 Mel.
623 2886 854 2945 commentarius
868 2887 901 2945 in
915 2881 1053 2949 Danielis
1067 2892 1217 2951 vaticinia.

413 3016 488 3079 Mel.
505 3016 656 3099 praefatur
671 3020 705 3077 in
721 3013 837 3080 Stifelii
852 3018 1072 3081 arithmeticam
1086 3035 1116 3084 et
1133 3026 1166 3085 in
1181 3021 1370 3087 Alcoranum
1384 2981 1565 3087 Bibliandri.

323 3164 355 3223 2.
414 3148 487 3213 Mel.
500 3152 697 3232 proficiscitur
712 3145 860 3233 Lipsiam.
885 3202 887 3208 ,

322 3294 355 3355 8.
414 3283 487 3346 Mel.
501 3283 579 3345 redit
594 3280 815 3365 Witebergam.

301 3429 357 3489 10.
413 3420 506 3482 Fama
522 3418 658 3502 undique
671 3438 771 3500 sparsa
785 3423 818 3479 in
834 3414 1011 3499 Germania,
1038 3419 1194 3485 Gaesarem
1210 3410 1334 3507 periisse
1347 3428 1381 3485 ln
1396 3422 1485 3485 undis
1498 3424 1587 3484 maris
1599 3424 1632 3483 iu
1650 3423 1749 3484 reditu
1764 3444 1803 3485 ex
1821 3420 1937 3492 Africa.

301 3558 355 3623 16.
413 3554 603 3616 Hermannus
623 3548 813 3634 Archiepisc.
830 3551 1019 3617 coloniensis
1037 3560 1132 3637 petit,
1166 3570 1201 3619 ut
1217 3556 1397 3620 Melanthcn
1419 3563 1555 3619 mittatur
1578 3551 1740 3619 Coloniam
1758 3559 1797 3618 ad
1816 3539 2053 3641 promovendam
2078 3574 2320 3642 emendationem

465 3677 627 3719 sacrorum.
639 3688 693 3699 —
743 3652 822 3718 Item
835 3660 912 3738 petit
925 3655 1061 3721 Bucerus
1074 3661 1108 3719 in
1122 3662 1216 3722 literis
1232 3661 1271 3723 ad
1282 3659 1457 3744 Principem
1470 3658 1640 3723 Electorem
1655 3662 1764 3727 mmsis.

413 3790 488 3856 Mel.
502 3790 691 3853 commendat
704 3786 906 3853 Northusanis
918 3788 1077 3854 Erasmum
1089 3790 1250 3859 Alberum.

301 3934 356 3996 17.
416 3926 550 3990 Comitia
561 3926 708 3987 habentur
722 3921 955 4008 Norimbergae,
981 3928 1167 4010 praesidibus
1183 3925 1372 3991 Fordinando
1387 3948 1475 4009 rege,
1501 3938 1531 3990 et
1548 3922 1726 4007 Granvella,
1754 3924 1886 3992 Caesaris
1901 3935 2010 4012 legato.

299 4066 358 4133 26.
415 4061 489 4126 Mel.
506 4059 666 4142 respondet
680 4060 719 4122 ad
730 4063 854 4142 longam
869 4061 1112 4124 deliberationem
1126 4065 1265 4130 aulicam.

297 4206 355 4268 29.
417 4193 463 4261 M.
478 4195 514 4256 ad
530 4190 729 4276 Myconiumt
758 4190 851 4273 „Nos
867 4198 909 4255 ita
925 4218 1029 4257 sumus
1043 4199 1143 4258 obruti
1155 4198 1325 4274 laboribus,
1352 4205 1386 4257 ut
1398 4214 1486 4277 saepe
1508 4193 1546 4254 de
1567 4193 1640 4275 luga
1657 4197 1807 4277 cogitem,
1834 4218 1868 4257 ac
1892 4199 1950 4258 nisi
1972 4221 2021 4262 me
2037 4216 2171 4269 senectus
2193 4222 2222 4272 et
2244 4214 2322 4275 virae

466 4299 612 4379 longioris
625 4296 791 4378 desperatio
804 4309 937 4375 teneret,
960 4302 1086 4361 latebras
1096 4303 1215 4383 aliquas
1231 4302 1405 4380 ubicunque
1421 4299 1707 4376 circumspectarem.
1718 4297 1735 4320 ”

282 4402 307 4459 F
362 4451 369 4466 .

300 4405 360 4574 1⁰3¹
414 4506 545 4571 Moritur
559 4502 687 4567 Ioannes
700 4502 826 4568 Eclrius.

300 4646 355 4707 16.
415 4640 536 4706 Laudes
550 4634 673 4702 loannis
688 4635 827 4721 Stigclii,
853 4644 976 4720 poitae,
1003 4641 1105 4702 scribit
1121 4639 1160 4699 ad
1177 4633 1346 4719 Georgium
1361 4634 1576 4699 Anhaltinum.

300 4779 357 4842 17.
416 4775 596 4855 Mauritius,
621 4770 698 4835 Dux
712 4770 846 4852 Saxon,
868 4773 1015 4852 declarat,
1041 4795 1073 4836 se
1086 4776 1170 4835 nolle
1187 4773 1325 4835 accedere
1337 4773 1376 4835 ad
1389 4770 1509 4836 Foedus
1526 4766 1678 4833 Sobmalc.

301 4912 356 4974 18.
416 4909 492 4979 Mel.
508 4910 611 4974 scribit
625 4907 664 4967 ad
677 4903 839 4969 Albertum
854 4904 973 4970 Ducem
987 4906 1125 4971 Prussiaa
1139 4908 1270 4970 derecte
1284 4905 1476 4970 instituendis
1489 4865 1630 4969 ecclesiis.

301 5047 358 5109 22·
416 5044 562 5123 Dubitat,
589 5064 627 5105 an
641 5042 788 5104 conducat
802 5045 859 5102 iter
871 5041 969 5103 facere
982 5042 1021 5104 ad
1035 5038 1311 5158 lirchiepisccpum
1328 5038 1552 5106 coloniensem.
1604 5034 1654 5120 (V
1653 5038 1696 5105 id.
1713 5043 1803 5103 etiam
1818 5063 1867 5136 ep.
1882 5044 1919 5105 ad
1934 5041 2083 5109 Gamerar.
2102 5051 2135 5115 d.
2151 5050 2300 5149 allae)

286 5166 373 5233 Mne.

304 5281 362 5343 12,
418 5252 606 5318 Sententiam
621 5271 707 5314 suam
720 5263 750 5312 et
763 5244 895 5312 Luthert
911 5251 948 5313 de
962 5252 1106 5315 descensu
1122 5248 1237 5316 christi
1252 5253 1290 5315 ad
1302 5250 1417 5314 inferos
1429 5254 1542 5317 scribit.

390 5436 397 5553 ι
418 5387 491 5453 Mel.
506 5389 547 5451 ad
560 5384 678 5450 Anton.
695 5382 835 5447 Musamz
864 5382 974 5467 „Mihi
986 5389 1020 5449 iu
1031 5392 1101 5451 aula
1113 5390 1264 5450 calumnia
1282 5390 1409 5469 insignis
1424 5384 1579 5450 subeunda
1591 5383 1670 5463 fuit,
1695 5395 1853 5466 propterea
1873 5387 1958 5470 quod
1974 5394 2078 5474 rogari
2088 5440 2097 5474 ,
2125 5407 2159 5459 ut
2182 5396 2220 5458 de
2242 5398 2325 5459 ordi.

467 5496 590 5555 natione
603 5493 680 5553 ratio
695 5492 831 5551 iniretur.
839 5479 856 5505 ”
2283 5499 2291 5507 “

298 5638 355 5699 16.
417 5623 516 5690 Mittit
528 5624 605 5688 Vito
619 5623 785 5687 Theodoro
801 5626 1016 5686 conciunculas
1032 5624 1069 5686 da
1083 5622 1180 5688 Paulo
1195 5635 1226 5687 et
1241 5621 1412 5707 Polycarpo
1429 5634 1459 5686 et
1473 5623 1708 5705 explicationem
1724 5622 1761 5683 ds
1780 5624 1942 5705 baptismo.

299 5771 358 5836 26.
416 5758 581 5846 Myconius
596 5761 699 5821 scribit
713 5756 905 5822 Melanthoni
921 5759 959 5821 de
973 5771 1054 5823 statu
1067 5756 1268 5824 Ecclesiarum
1282 5762 1316 5822 in
1331 5757 1513 5842 Thuringia.

334 5865 515 5933 Menam.
529 5860 633 5927 Orsa.
660 5859 744 5925 Ver..
757 5859 801 5927 V.
1272 5871 1275 5878 -
1542 5852 1568 5923 b
