5325 6917
411 743 487 817 455

413 910 557 1003 beffetben
572 907 702 996 πτοῖαι
715 907 819 997 butte,
842 905 969 998 obsum
989 907 1037 980 tie
1048 906 1148 1002 bille
1164 908 1228 982 ont
1244 904 1403 997 bsidione

414 1014 494 1107 oidpt
509 1016 541 1107 [ο
561 1011 634 1086 boib
650 1008 703 1105 fit
721 1010 831 1102 tugen
846 1011 910 1081 unt
926 1008 1055 1083 &iunco
1072 1007 1118 1096 n.

1043 1105 1356 1202 CasparCruziger

1124 1206 1241 1290 1544.

449 1407 623 1482 (Volumini
630 1407 753 1460 seetmdo
766 1342 930 1459 Bibliorum‘
939 1403 1077 1469 thsuebn't
1090 1403 1253 1458 Melanthea
1264 1400 1372 1472 baeer)

497 1531 545 1594 Ad
564 1529 681 1607 Ephes.
693 1527 725 1590 2.
742 1547 772 1591 v.
790 1527 841 1588 19.
855 1522 910 1587 20.
936 1520 999 1609 ἄρα
1015 1515 1070 1587 οὖν
1085 1521 1208 1604 οὐκέτι,
1232 1522 1307 1588 ’ἐστὶ
1328 1522 1405 1598 ξένοι

458 1616 509 1679 καὶ
528 1610 687 1697 πάροικοι,
715 1608 796 1673 oillei
818 1615 1003 1688 ανμπολῖται
1022 1615 1085 1672 τῶν
1103 1605 1216 1690 ἁγίων,
1237 1610 1287 1672 καὶ
1303 1610 1406 1671 οἶκιῖοι

456 1704 515 1763 τοῦ
529 1703 622 1762 θεοῦ·
643 1692 941 1775 ἐποικοδομηθέντες
960 1692 1008 1756 lut
1028 1698 1073 1777 τῷ
1087 1694 1222 1778 θεμελίῳ
1243 1697 1307 1755 τῶν
1328 1688 1405 1754 ἀπο·

459 1779 580 1848 στόλων
600 1782 652 1845 καὶ
672 1783 861 1865 προφητῶν,
884 1774 974 1852 ὄντος
997 1773 1223 1862 ἀκρογωνιαίου
1237 1774 1335 1841 αὐτοῦ
1348 1772 1406 1857 ’Iep-

459 1872 518 1933 σοῦ
534 1869 689 1950 Χριστοῦ.

518 1985 614 2057 Ηεεο
637 2000 689 2057 est
712 1986 812 2053 firma
836 1997 870 2054 et
884 1983 998 2054 dulcis
1017 1982 1212 2053 consolatio
1226 1980 1406 2050 mentibus

416 2085 531 2159 Deum
549 2086 817 2181 quaerentibus,
842 2099 939 2154 certo
957 2083 1064 2168 scire,
1086 2078 1179 2152 hanc
1194 2106 1267 2154 esse
1281 2079 1406 2151 Eccle-

417 2190 504 2260 siam
527 2187 603 2257 Deo
626 2190 821 2279 placentem
846 2199 880 2256 et
908 2182 1094 2255 haeredem
1118 2185 1208 2254 vitae
1232 2194 1406 2265 aeternae,

416 2313 507 2384 quae
527 2289 752 2380 amplectitur
772 2310 894 2357 vocem
911 2279 1169 2377 Prophetarum
1194 2297 1229 2356 et
1253 2282 1406 2375 Aposto-

414 2391 549 2461 lorum:
576 2411 643 2460 ncc
661 2412 734 2459 csse
748 2383 943 2458 Ecclesiam
957 2383 1025 2456 Dei
1047 2386 1165 2456 ullum
1179 2398 1317 2455 coetum
1332 2383 1406 2454 dis-

416 2492 625 2562 sentientem
647 2514 667 2561 a
689 2513 775 2560 voce
797 2482 1076 2580 Prophetarum,
1093 2481 1229 2557 Christi
1254 2497 1289 2555 et
1306 2480 1405 2576 Apu-

416 2595 599 2663 stolorum.
659 2588 716 2661 lbi
737 2611 820 2658 vere
844 2600 896 2658 est
917 2583 1075 2657 Ecclesia
1090 2586 1179 2673 Dei,
1200 2587 1405 2679 ubicunque

415 2705 555 2785 recepta
579 2704 630 2761 est
651 2714 720 2760 vox
737 2683 1016 2779 Prophetarum,
1040 2682 1176 2758 Christi
1200 2701 1234 2758 et
1250 2681 1405 2778 Aposto-

416 2795 554 2877 lorum3
581 2792 634 2862 ibi
654 2805 706 2861 est
729 2784 928 2859 haereditas
943 2790 1035 2859 vitae
1057 2801 1239 2872 aeternae,
1263 2788 1315 2858 ibi
1331 2787 1405 2880 spi-

415 2895 507 2966 ritus
521 2906 662 2963 sauctus
676 2905 728 2963 est
743 2891 881 2978 efficax,
902 2890 970 2961 ibit
987 2889 1131 2960 exaudit
1144 2902 1178 2959 et
1192 2884 1405 2962 iuvatDeus.

336 3031 339 3036 ¹
414 2993 488 3066 Nec
509 2994 605 3064 tituli
628 2990 834 3085 pontificum
858 3005 919 3062 aut
941 2990 1016 3062 ulla
1031 2982 1224 3082 ἀξιώματα
1239 2990 1315 3058 sine
1339 2983 1405 3058 bac

415 3096 576 3167 doctriua
604 3095 741 3166 faciunt
765 3090 971 3166 Ecclesiam.
1028 3089 1103 3161 Nos
1134 3091 1243 3180 igitur
1269 3090 1405 3181 ample-

414 3209 546 3267 ctentes
561 3196 654 3265 veris
668 3194 871 3287 pectoribus
887 3191 1085 3264 doctrinam
1093 3186 1353 3282 Prophetarum
1370 3202 1405 3259 et

414 3294 687 3388 Apostolorum,
713 3307 917 3378 statuamus,
943 3316 1024 3362 vere
1039 3309 1112 3362 esse
1126 3289 1193 3361 Dei
1208 3288 1404 3361 Ecclesiam

415 3410 450 3465 et
462 3393 578 3464 Deum
593 3395 817 3484 praelucente
830 3387 896 3461 bac
910 3393 1072 3463 doctrina
1086 3393 1213 3481 fiducia
1230 3391 1314 3475 filii,
1328 3415 1404 3459 me-

415 3496 580 3578 diatoris,
604 3495 827 3576 invocemus,
852 3515 918 3562 nee
940 3494 1114 3582 fingamus
1127 3493 1237 3585 recipi
1258 3493 1405 3562 invoca-

416 3597 549 3666 tionem
567 3597 643 3667 sine
660 3591 726 3666 hac
743 3593 916 3664 doctrina.

916 3686 1105 3804 Philippus
1131 3670 1357 3765 Melanthon.

411 4082 481 4158 No,
498 4083 610 4153 8002.
855 4124 857 4128 ¹
1071 4172 1074 4179 Ι
1243 4090 1277 4157 A.
1297 4088 1378 4173 Aug.

418 4178 592 4209 §om
1226 4180 1398 4216 W

615 4281 627 4383 ᾗ
684 4263 834 4348 Ioocb.
860 4260 1116 4353 camerario.

480 4426 565 4500 Epist.
578 4425 613 4482 ed
626 4424 762 4483 Comum.
775 4445 803 4497 p.
816 4425 868 4481 ets
878 4445 939 4500 sqq.
958 4425 1011 4496 (ed.
1021 4426 1115 4482 Lond.
1131 4425 1178 4482 lib.
1191 4426 1240 4486 tv,
1256 4446 1300 4501 ep.
1313 4428 1396 4502 sta).

412 4575 638 4653 Clarissimo
662 4580 740 4650 viro
767 4578 1020 4652 eruditiones!
1045 4582 1174 4653 virtute
1195 4587 1408 4680 praestanti

407 4747 409 4752 .
436 4674 679 4752 Inachimo
705 4673 982 4753 Camerario
1005 4676 1232 4778 Pubergenss
1258 4686 1378 4758 amico

685 4838 692 4844 .
794 4805 862 4851 suo
888 4806 1017 4859 eorus.

296 4998 306 5004 ,
413 4899 457 4990 S.
478 4915 524 4990 D.
576 4911 782 4986 Honorifice
795 4914 1011 5005 praedicavit
1026 4928 1062 4986 et
1084 4915 1210 4989 marito
1233 4931 1266 4989 et
1287 4920 1404 5006 nobis,

412 5014 598 5088 honestiss.
631 5028 793 5112 matrona
813 5007 978 5085 Lutheri
1001 5016 1157 5087 coniunx
1178 5031 1238 5089 tua
1263 5042 1342 5109 erga
1367 5043 1404 5091 se

413 5121 545 5203 officia,
578 5131 613 5188 et
645 5127 708 5207 ego
739 5140 816 5186 cras
846 5116 879 5185 ei
908 5129 1005 5187 tuam
1031 5117 1214 5208 epistolam
1235 5122 1403 5209 recitabo,

413 5244 519 5314 quam
536 5215 643 5289 hodie
659 5218 788 5311 accepi.
840 5216 946 5310 Spem
963 5241 1036 5288 esse
1050 5210 1342 5313 Paumgartneri
1357 5224 1403 5293 li-

387 5316 389 5322 ’
413 5321 562 5391 beraudi
581 5321 735 5410 gaudeo,
761 5333 795 5389 et
814 5332 856 5391 ut
878 5333 939 5391 tua
956 5334 1036 5390 vota
1055 5324 1099 5391 ad
1113 5325 1308 5394 multorum
1323 5326 1403 5415 pio-

412 5445 493 5491 rum
525 5443 644 5512 preces
674 5421 862 5509 adiungas,
894 5433 936 5491 ut
962 5421 1153 5510 liberetur,
1194 5450 1270 5500 oro.
1327 5423 1402 5498 Nec

412 5545 497 5592 vero
528 5521 675 5605 dubito,
713 5522 800 5613 quin
823 5546 903 5591 eom
932 5540 1035 5614 saepe
1067 5525 1137 5595 tuis
1156 5527 1345 5614 gemitibus
1367 5543 1401 5600 et

412 5624 575 5715 precibus
589 5618 666 5692 Deo
685 5624 918 5692 commendes.
969 5621 1022 5693 Dc
1037 5622 1126 5718 Rep.
1144 5621 1401 5699 Vilusscribit

412 5724 593 5795 silentium
609 5744 700 5808 esse,
722 5734 756 5791 et
773 5722 973 5792 tarditatem
995 5748 1069 5795 esse
1083 5749 1244 5817 magnam
1267 5730 1399 5800 exerci-

312 5837 314 5839 ’
413 5838 513 5896 tuum
530 5823 710 5895 inGallia.
732 5818 860 5893 Nostra
875 5815 985 5914 igitue
997 5827 1113 5898 studia
1125 5827 1300 5922 'quantum
1314 5853 1400 5921 pos-

985 734 1416 811 nrrsroonnuu
1466 707 1666 830 mnu.
1720 734 1850 809 ιοιι.

2373 741 2453 817 456

1454 929 1576 975 sumus
1592 905 1759 979 colamus.
1810 904 1917 995 Quod
1935 908 2058 1000 scripsi
2076 933 2190 1000 nuper
2205 909 2248 977 dc
2260 898 2448 980 Chamae-

1453 1002 1554 1101 pity3
1577 1020 1618 1077 ut
1636 997 1825 1077 Feetstus
1847 1021 1965 1099 putat,
1998 1026 2031 1079 et
2056 1011 2115 1079 alii
2139 1006 2359 1104 χαμαίδρυν
2379 1036 2450 1081 no-

1456 1106 1613 1193 minant,
1633 1104 1813 1176 Teucrion
1835 1131 1906 1176 esse
1935 1123 2102 1194 statuam,
2129 1112 2199 1194 ibi,
2231 1125 2271 1180 ut
2295 1114 2449 1199 decrevi,

1457 1208 1529 1277 vim
1546 1220 1707 1298 expertus
1721 1208 1841 1292 lucro,
1859 1208 1896 1276 iu
1914 1210 2044 1299 splenis
2060 1211 2303 1286 medicatione.
2331 1212 2450 1285 Aiunt

1455 1309 1552 1376 enim
1570 1308 1655 1377 inde
1678 1332 1810 1377 nomen
1835 1332 1928 1391 csse,
1954 1311 2034 1402 quia
2052 1310 2190 1380 Teucer
2205 1307 2270 1382 hac
2284 1315 2449 1404 plantula

1456 1409 1648 1479 medicatus
1662 1407 1708 1479 sit
1721 1430 1785 1479 suo
1800 1411 1926 1480 morbo
1943 1424 2022 1480 orto
2048 1437 2089 1479 ex
2105 1427 2198 1481 atrae
2216 1414 2294 1483 bilis
2312 1419 2451 1483 redun-

1455 1510 1587 1582 dantia.
1645 1506 1694 1578 Et
1727 1510 1801 1579 vim
1831 1506 2086 1601 deprehensam
2117 1536 2209 1598 esse,
2242 1540 2320 1584 cum
2352 1519 2451 1586 sorte

1456 1609 1571 1701 spleni
1587 1609 1823 1701 imposuisset,
1845 1626 1997 1688 ,mactata
2013 1613 2167 1682 victima.
2217 1613 2358 1685 Fabella
2373 1617 2453 1685 ele-

1456 1711 1659 1801 gantissima
1674 1723 1743 1795 est,
1759 1711 1919 1804 quisquis
1932 1725 2036 1783 autor
2052 1730 2113 1788 est.

1557 1807 1753 1883 Exhibebit
1776 1811 1844 1881 tibi
1867 1807 1929 1881 has
1953 1814 2088 1884 litteras
2110 1808 2169 1882 M
2166 1836 2291 1885 oserus
2300 1811 2359 1910 ⁴),
2380 1818 2451 1911 qui

1456 1912 1543 1981 olim
1557 1911 1690 2001 collega
1712 1912 1780 1981 tuit
1795 1906 1967 2006 Micylli,
1992 1928 2111 2005 postea
2135 1918 2256 1988 docuit
2272 1914 2451 1988 Comitem

1465 2005 1757 2085 Wrthemium:
1786 2013 1979 2084 instructus
2008 2028 2061 2085 est
2081 2016 2231 2102 viatico,
2263 2042 2327 2088 nec
2356 2019 2450 2110 petit

1457 2113 1577 2198 aliod,
1600 2113 1670 2182 nisi
1693 2126 1733 2183 ut
1756 2115 1892 2184 aditum
1911 2117 1954 2183 ad
1976 2127 2010 2184 tc
2027 2111 2175 2203 habeat,
2199 2132 2240 2189 ut
2259 2121 2302 2189 de
2318 2121 2448 2189 litteris

1456 2214 1636 2284 interdum
1650 2214 1820 2287 consulat.
1868 2212 1910 2283 ln
1932 2211 2053 2285 schola
2075 2218 2196 2312 aliqua
2217 2220 2347 2289 celebri
2361 2218 2450 2315 My-

1454 2314 1528 2385 siae
1550 2328 1612 2385 aut
1624 2312 1782 2385 Ecclesia
1803 2316 1929 2384 docere
1950 2331 2087 2408 posset,
2113 2343 2223 2413 quare
2244 2343 2325 2391 eum
2340 2321 2449 2392 ctiam

1456 2416 1502 2486 iis
1523 2415 1804 2502 commendabis,
1825 2415 1888 2509 qui
1910 2412 2105 2507 provehere
2127 2445 2208 2492 eum
2227 2435 2376 2513 possunt
2401 2422 2447 2491 ad

1458 2541 1515 2589 eas
1531 2509 1773 2614 λειτουργίας.
2165 2593 2168 2598 .

1557 2616 1612 2688 De
1629 2614 1819 2687 Bonnensi
1829 2617 1988 2707 litigante
2004 2644 2084 2690 cum
2092 2620 2237 2693 Pastore
2253 2618 2347 2692 nibil
2362 2623 2447 2709 scio,

1458 2744 1522 2789 nec
1538 2715 1720 2789 homiuem
1736 2718 1841 2802 novi,
1866 2731 2006 2789 tantum
2029 2723 2151 2791 audivi
2170 2738 2341 2793 venenate
2358 2726 2447 2793 soli-

1457 2834 1533 2892 tum
1556 2819 1688 2912 pastori
1709 2818 1786 2888 viro
1807 2818 1903 2888 bono
1928 2821 2119 2891 obtrectare
2145 2834 2179 2891 et
2209 2824 2373 2893 insectari
2404 2848 2448 2894 ac

1458 2921 1627 2991 conviciis
1648 2922 1799 2989 lacerare
1814 2914 2066 3014 Spoletinum.
2124 2917 2221 2993 Haec
2245 2924 2276 2993 ei
2300 2948 2341 2993 ex
2355 2924 2446 2994 meis

1456 3022 1583 3091 litteris
1601 3021 1747 3089 recitare
1763 3032 1874 3110 potes.
1907 3019 2067 3115 Cumque
2082 3045 2203 3093 caussa
2217 3020 2308 3093 mihi
2324 3025 2448 3112 ignota

1456 3122 1521 3201 sit,
1554 3145 1659 3217 quam
1682 3118 1771 3209 agit,
1804 3122 2043 3210 patrocinium
2068 3122 2145 3194 eius
2173 3125 2348 3216 suscipere
2369 3150 2447 3194 nou

1457 3222 1553 3293 volo.
1609 3219 1701 3289 Nolo
1725 3219 1822 3289 enim
1847 3245 1984 3291 armare
2011 3223 2092 3294 illas
2115 3214 2449 3320 φιλαπεχθήμονας

1456 3337 1600 3393 naturas
1620 3346 1660 3391 ac
1683 3314 1926 3415 πικροχόλους
1947 3337 2070 3394 contra
2092 3322 2254 3395 Pastores
2270 3324 2448 3397 Ecclesia-

1458 3448 1549 3494 rum.
1596 3419 1718 3491 Discat
1732 3422 1899 3493 iuventus
1915 3424 2019 3495 etiam
2034 3426 2163 3495 uostris
2183 3428 2349 3518 exemplis
2370 3429 2449 3518 pri-

1457 3537 1554 3594 vatas
1577 3522 1726 3593 iniurias
1747 3524 1948 3595 condonare
1967 3522 2122 3617 Reipub.
2173 3525 2276 3597 Hanc
2302 3551 2364 3619 ego
2390 3529 2449 3614 ul-
2493 3547 2495 3551 “

1456 3619 1548 3724 yidu
1562 3637 1597 3694 ct
1609 3647 1706 3693 meae
1723 3623 1926 3694 iracundiae
1944 3639 1978 3695 et
1992 3627 2260 3719 aliorumsaepe
2275 3654 2428 3720 oppono.

1558 3724 1692 3814 Scripsi
1708 3719 1794 3794 hacc
1811 3725 2001 3811 celerrime,
2026 3728 2271 3815 flagitantibus
2284 3731 2448 3822 epistolas

1458 3826 1537 3896 aliis
1550 3826 1691 3911 multis,
1715 3838 1854 3914 praeter
1867 3820 2138 3925 Moserum”),
2162 3830 2382 3924 quibuscum
2397 3833 2447 3901 do

1458 3929 1610 4011 litteras,
1637 3950 1709 3996 non
1730 3927 1851 3997 labore
1864 3938 2022 4014 tantum,
2046 3931 2236 4001 sedetiam
2260 3930 2447 4001 iracundia

1345 4035 1350 4040 “
1459 4028 1660 4111 excrucior,
1687 4051 1793 4121 quam
1810 4030 2008 4102 accendunt
2028 4026 2122 4100 mihi
2141 4032 2308 4101 iuvenum
2329 4032 2449 4102 insul-

1458 4154 1515 4199 sae
1531 4129 1751 4218 cupiditates.
1801 4125 1898 4199 Beue
1911 4130 2007 4215 vale,
2031 4132 2090 4201 die
2110 4129 2175 4204 111.
2192 4130 2355 4222 Augusti,
2373 4158 2447 4225 quo

1457 4229 1570 4300 nostri
1594 4229 1686 4297 cives
1709 4229 1754 4298 ad
1776 4228 1908 4319 plateas
1926 4231 2098 4328 delevisse
2112 4230 2294 4303 Persicum
2313 4235 2450 4304 exerci-

1458 4346 1532 4403 tum
1554 4329 1733 4404 dicuntur.
2316 4334 2318 4338 ’

2012 4426 2205 4527 Philippus
2219 4428 2396 4509 Melanth.

1455 4776 1652 4898 Q&

2138 4788 2173 4855 4.
2189 4784 2271 4867 Aug.
2284 4785 2301 4863 (
2309 4788 2341 4847 lr.
2357 4785 2431 4867 οἳ)

1790 4979 1844 5072 Β.
1873 4981 2111 5070 Scbollero.

1555 5139 1640 5215 epse.
1654 5141 1745 5199 inu.
1760 5145 1861 5216 ans.
1879 5126 2059 5216 (ιιιιπιι.
2073 5142 2326 5215 osraenos>-
2358 5173 2360 5177 >

1591 5297 1648 5375 D.
1672 5297 2005 5374 Bartolomaeo
2030 5296 2296 5374 Setattero.

1453 5412 1500 5505 S.
1525 5431 1571 5509 D.
1621 5434 1751 5523 lugens
1765 5430 1833 5504 Dei
1847 5437 1985 5505 donum
1998 5448 2049 5505 est
2063 5429 2195 5505 habere
2216 5432 2351 5503 liberos
2368 5429 2447 5499 ido·

1452 5559 1539 5605 neos
1567 5537 1612 5607 ad
1641 5536 1829 5623 virtutem,
1859 5548 1896 5605 et
1925 5536 2109 5608 doctrinae
2133 5558 2289 5627 capaces.
2347 5531 2449 5602 Talis

1485 5768 1513 5837 θ)
1531 5765 1691 5821 Musterusl

1484 5852 1534 5922 st)
1553 5849 1728 5907 Musteruml
