5325 6917
305 700 382 779 567

882 646 1322 790 nersronaautu
1373 710 1578 790 mn.1x.
1615 681 1768 785 ‘asan

2252 733 2256 739 ·
2278 709 2357 790 668

357 875 661 952 vestrisEcclesiis
677 884 888 973 porrigitur,
903 887 994 958 sicut
1008 901 1042 958 et
1060 888 1235 979 baptismo
1250 888 1303 957 uti
1358 909 1482 955 cruore
1508 885 1689 969 madebat,
1714 884 1911 954 miserrima
1932 900 2044 955 mater
2070 908 2142 955 sese
2167 886 2356 976 transfigit.

360 982 516 1070 potestis.
553 980 681 1051 Malim
700 986 843 1078 quidem
862 989 954 1056 sumi
978 992 1023 1057 ab
1046 992 1166 1083 aliquo
1191 1014 1306 1059 sacer·
1358 986 1484 1058 Postea
1499 1010 1536 1054 se
1552 987 1705 1055 mediam
1725 987 1818 1058 inter
1832 987 1924 1055 lilius
1941 983 2243 1106 abiicit,braclria
2258 1011 2359 1108 spag-

361 1084 444 1153 dote
465 1106 539 1153 non
564 1078 664 1154 hoste
685 1083 871 1176 Evangelii
897 1092 957 1158 sed
980 1105 1188 1181 agnoscente
1213 1092 1307 1160 veri-
1358 1088 1578 1181 gens,quasi
1593 1089 1631 1155 in
1646 1088 1830 1181 utriusque
1845 1089 2030 1179 complexu
2045 1105 2230 1164 moratura.
2257 1089 2359 1179 Quid

363 1197 471 1253 tatem
488 1198 523 1253 et
536 1187 720 1274 probante.
750 1188 823 1258 Nec
837 1192 954 1275 refert,
970 1209 1090 1263 utrum
1102 1196 1209 1263 verba
1227 1218 1308 1263 coe-

362 1308 428 1355 nae
442 1289 655 1377 pronunciet
671 1292 787 1381 palam
802 1305 864 1362 aut
880 1293 983 1367 clam.

769 1519 1307 1533 -σα--ι--α--η-ι--ι-αυ--α

1200 1681 1231 1752 1,
1247 1669 1310 1735 lan.

1175 1769 1310 1794 M

635 1792 640 1799 Ι
680 1836 926 1949 Praffatio.

385 1996 520 2051 Praelatio
540 1998 568 2054 in
589 1999 707 2057 libtums
726 2002 806 2059 Publ.
819 2004 941 2061 Terentii
955 2004 1123 2062 Comoedias
1139 2027 1202 2069 sex,
1221 2008 1309 2063 editae

417 2084 483 2120 cura
503 2085 536 2120 ac
555 2070 645 2123 studio
666 2070 755 2125 loacb.
769 2073 929 2131 Camerarii.
957 2074 1028 2147 lips.
1048 2077 1126 2131 asts.
1148 2080 1173 2131 8.
1192 2078 1237 2131 ubi
1256 2088 1307 2131 sta·

421 2135 471 2186 tim
484 2135 513 2188 in
530 2135 621 2191 fronte
641 2139 703 2193 libri
722 2139 837 2213 legitur,
854 2144 895 2197 sic
906 2145 1051 2216 inscriptae
1074 2146 1264 2211 „cohortatio
1278 2146 1308 2200 Ρ.

419 2203 460 2257 M.
481 2207 521 2254 ad
540 2208 676 2272 legendos
687 2214 849 2275 tragoedias
863 2222 890 2266 et
904 2215 1096 2268 comoedast'
1114 2246 1149 2259 -
1185 2215 1225 2269 lle
1245 2216 1308 2270 etita

417 2269 446 2323 in
460 2271 529 2325 Mel.
541 2271 641 2331 Select.
656 2277 733 2347 epist.
748 2297 774 2350 p.
788 2280 850 2334 2⁴8.
887 2281 986 2335 lterum
994 2282 1030 2344 jn
1045 2284 1112 2339 Met.
1134 2284 1210 2355 epist.
1226 2236 1275 2338 lit.
1289 2284 1309 2339 l.

419 2358 446 2411 p.
463 2342 524 2424 464τ
542 2343 620 2425 (edit.
633 2346 721 2429 Loqd.
736 2346 755 2400 Ι.
777 2367 820 2417 ep.
839 2346 907 2416 182)
926 2361 952 2405 et
973 2351 1093 2423 denique
1112 2354 1140 2407 in
1162 2354 1229 2409 Mel.
1249 2354 1309 2408 De·

417 2409 625 2467 clamatrombus
637 2415 712 2482 (edat.
724 2414 854 2487 Servent.)
869 2417 951 2475 Tom.
963 2420 997 2475 V.
1012 2440 1038 2493 p.
1052 2424 1114 2479 961.

315 2556 525 2657 „Epistola
546 2559 649 2636 Phil.
663 2562 757 2640 Mel.
784 2564 827 2637 de
843 2566 1007 2665 legendis
1025 2562 1249 2670 Tragoediis
1278 2587 1310 2648 et

699 2660 946 2748 Comoediis.”

314 2771 435 2888 Saepe
458 2800 503 2868 de
524 2794 714 2875 hominum
731 2806 890 2878 moribus
905 2822 938 2880 et
952 2812 996 2880 de
1011 2812 1199 2905 disciplina
1213 2818 1310 2907 eogi-

316 2906 413 2982 tans,
445 2893 670 2974 Graecorum
699 2908 887 2979 eonsilium
910 2912 1013 2982 valde
1037 2916 1216 2995 admiror,
1247 2921 1310 3012 qui

315 2995 419 3070 initio
444 3000 659 3093 Tragoedias
690 3010 824 3102 populo
854 3031 1135 3106 proposuerunt,
1174 3043 1310 3113 nequa·

315 3123 423 3193 quam
446 3117 486 3174 ut
501 3107 608 3197 vulgo
631 3110 868 3199 existimatur,
902 3130 1041 3188 tantum
1062 3120 1309 3193 oblectationis

314 3225 438 3290 causa,
462 3210 524 3277 sed
541 3211 799 3305 multomagis,
824 3230 866 3286 ut
882 3220 988 3289 rudes
1002 3244 1041 3290 ac
1062 3224 1155 3292 feros
1170 3225 1309 3295 animos

315 3306 599 3380 consideratione
631 3317 806 3386 atrocium
830 3320 1071 3412 exemplorum
1098 3338 1132 3395 et
1163 3348 1308 3396 casuum

312 3403 493 3477 flecterent
514 3411 560 3477 ad
582 3413 883 3504 moderationem,
907 3435 942 3491 et
962 3425 1153 3496 frenandas
1168 3429 1308 3519 cupidi·

314 3516 422 3585 tates,
455 3511 551 3599 quod
575 3510 614 3579 in
637 3513 710 3583 illis
730 3514 871 3607 Regum
891 3536 927 3591 et
952 3526 1097 3596 urbium
1122 3530 1307 3601 eventibus

312 3605 591 3682 imbecillitatem
606 3629 753 3688 naturae
769 3614 975 3709 bominum,
1001 3626 1165 3701 fortunae
1181 3633 1307 3702 incon-

314 3709 498 3797 stantiam,
520 3728 554 3785 et
568 3716 682 3788 exitus
699 3719 855 3811 placidos
870 3724 960 3795 iuste
972 3726 1166 3816 factorum,
1187 3759 1205 3802 e
1220 3759 1310 3805 con·-

314 3821 369 3878 tra
384 3835 468 3883 vero
488 3816 704 3890 tristissimas
722 3824 892 3896 scelerum
913 3853 1044 3919 poenas
1059 3836 1305 3912 ostendebant.

314 3908 396 3998 Qua
419 3915 457 3982 in
481 3942 520 3986 re
543 3933 577 3989 et
599 3916 668 3992 hoc
691 3924 882 4015 singularis
899 3932 1109 4021 prudentiae
1128 3936 1213 4023 fuit,
1240 3940 1306 4008 eli-

244 4066 246 4069 .
312 4034 393 4102 gere
417 4035 622 4105 argumenta
646 4049 720 4095 non
745 4030 946 4119 vulgarium
966 4057 1130 4123 casatum,
1160 4043 1221 4109 sed
1248 4043 1307 4110 in-

313 4114 468 4205 signium
499 4135 533 4191 et
562 4127 754 4213 atrocium,
787 4155 939 4223 quorum
971 4144 1305 4215 commemoratione

312 4213 600 4296 cohorrescerent
622 4240 694 4299 tota
715 4224 864 4308 theatra.
916 4235 998 4307 Non
1022 4241 1118 4309 enim
1143 4261 1306 4317 movetur

310 4322 465 4412 populus
483 4324 616 4399 levium
632 4338 694 4402 aut
713 4335 944 4408 mediocrium
967 4342 1189 4415 miseriarum
1211 4349 1305 4438 cogi·

312 4424 466 4511 tatione,
494 4431 555 4500 sed
577 4434 748 4505 terribilis
772 4440 904 4531 species
927 4442 1126 4516 obiicienda
1147 4463 1199 4520 est
1219 4477 1306 4521 ocu-

312 4521 374 4606 lis,
391 4550 482 4617 quae
503 4549 663 4620 penetret
678 4539 715 4606 in
731 4540 869 4612 animos
884 4559 917 4614 et
932 4544 995 4614 din
1009 4541 1163 4634 haereat,
1179 4566 1214 4623 et
1226 4578 1305 4623 mo·

313 4638 393 4695 veat
409 4626 470 4698 illa
495 4631 569 4722 ipsa
585 4640 906 4730 commiseratione,
933 4661 973 4717 ut
988 4649 1032 4716 de
1049 4652 1163 4720 causis
1178 4648 1302 4724 huma-

312 4748 441 4795 narum
458 4732 697 4805 calamitatum
722 4744 891 4830 cogitent,
917 4763 951 4819 et
968 4750 1100 4839 singuli
1115 4777 1151 4823 se
1167 4755 1211 4825 ad
1226 4757 1304 4826 illas

312 4825 484 4919 imagines
503 4834 698 4910 conferant.
756 4838 829 4912 Nec
858 4848 927 4919 fuit
955 4852 1078 4940 exigua
1100 4857 1247 4927 facultas
1271 4873 1303 4927 et

310 4950 386 5017 ars,
399 4935 710 5030 grandiloquentia
725 4948 898 5017 sermonis
913 4964 948 5021 et
960 4967 1121 5042 gestuum
1138 4958 1305 5029 varietate

310 5035 593 5122 magnitudinem
606 5064 725 5112 rerum
740 5056 921 5142 utcunque
936 5054 1141 5144 exprimere.

412 5132 490 5229 Ego
520 5140 595 5234 ipse
626 5168 728 5238 saepe
755 5159 830 5219 toto
853 5177 1001 5244 corpore
1022 5153 1230 5232 cohorresco
1254 5164 1305 5232 le-

310 5254 396 5321 gens
422 5252 579 5327 tantum,
610 5271 686 5318 non
715 5249 821 5322 etiam
850 5252 993 5326 intuens
1019 5275 1060 5332 ut
1091 5262 1131 5331 in
1165 5256 1302 5335 theatro

204 5362 206 5365 ·
310 5353 451 5425 agentes
466 5338 662 5442 Sophoclis
679 5366 741 5423 aut
755 5349 957 5453 Euripidis
973 5357 1199 5455 Tragoedias.
1230 5365 1303 5461 Nec

309 5446 603 5542 veroquisquam
635 5465 707 5522 tam
736 5458 871 5529 ferreus
896 5474 965 5546 est,
999 5466 1161 5556 quisine
1191 5470 1303 5539 animi

232 5541 237 5552 '
307 5551 593 5622 consternatione
612 5553 704 5643 legat
725 5558 874 5631 fratrum
899 5556 1163 5637 Thebanorum
1188 5586 1302 5643 certa-

228 5679 233 5700 .
306 5666 407 5730 men,
434 5662 468 5719 et
482 5654 606 5725 matris
615 5651 787 5729 locustae
801 5665 952 5752 exitum,
978 5693 1067 5763 quae
1081 5670 1301 5765 diremptura

305 5748 500 5838 praelium,
530 5780 610 5826 eum
633 5762 771 5831 tardius
798 5768 972 5855 venisset,
1001 5795 1042 5842 ex
1064 5772 1209 5844 alterius
1234 5775 1299 5844 filii

304 5848 453 5923 vnlnere
468 5878 588 5928 ensem
605 5858 776 5953 extrahit,
801 5889 844 5936 ex
857 5864 927 5941 hoc
940 5872 1018 5966 ipso
1034 5897 1129 5958 ense,
1154 5877 1218 5971 qui
1233 5878 1299 5948 lilii

1361 1186 1426 1259 hac
1440 1191 1594 1279 imagine
1615 1190 1801 1277 lugubrius
1815 1190 1962 1279 cogitari
1985 1192 2122 1282 potest?
2174 1190 2273 1262 Haec
2291 1191 2360 1283 igi-

1361 1307 1420 1363 tur
1443 1293 1653 1382 agebantur,
1686 1293 1952 1382 spectabantur,
1982 1293 2206 1381 legebantur,
2234 1296 2359 1365 audie-

1362 1395 1494 1464 bantur
1516 1409 1551 1464 et
1571 1418 1589 1462 a
1606 1394 1825 1483 sapientibus
1841 1409 1875 1464 et
1888 1419 1907 1461 a
1922 1396 2074 1485 populo,
2099 1420 2172 1464 non
2190 1411 2232 1467 ut
2247 1399 2359 1467 eroti-

1362 1521 1420 1576 ca,
1438 1497 1498 1564 sed
1518 1510 1558 1565 nt
1573 1496 1732 1564 doctrina
1749 1498 1792 1562 de
1808 1497 2066 1583 gubernatione
2082 1498 2184 1566 vitae.
2237 1494 2359 1570 Even-

1363 1611 1420 1667 tus
1443 1598 1503 1666 isti
1524 1597 1885 1667 commonefaciebant
1907 1593 2070 1667 homines
2092 1601 2135 1667 de
2153 1601 2268 1670 causis
2291 1596 2359 1673 bu-

1364 1721 1547 1768 manarum
1569 1698 1825 1782 calamitatum,
1865 1724 1951 1792 quas
1973 1703 2102 1770 accersi
2125 1716 2159 1771 et
2182 1704 2359 1775 cumulari

1362 1802 1481 1892 pravis
1496 1800 1772 1890 cupiditatibus,
1796 1800 1833 1867 in
1850 1796 1906 1870 his
1920 1803 2089 1893 exemplis
2103 1805 2309 1880 cernebant.

1463 1931 1512 2006 Et
1527 1935 1618 2004 sicut
1630 1927 1823 2003 Pindarus
1843 1934 1980 2028 inquit,
2006 1931 2182 2006 Ixionem
2203 1937 2359 2031 implici-

1363 2049 1440 2110 tum
1473 2051 1572 2110 rotae
1606 2038 1701 2127 apud
1727 2036 1860 2105 inferos
1891 2037 2071 2138 clamitare
2102 2033 2196 2111 hanc
2224 2053 2359 2130 vocem,

1363 2163 1468 2231 quam
1489 2134 1680 2231 Virgilius
1699 2138 1876 2223 reddidit,

1403 2267 1519 2331 Discite
1540 2267 1694 2331 Iustitiam
1715 2266 1827 2330 moniti
1841 2276 1870 2329 et
1891 2286 1952 2328 non
1978 2285 2122 2346 spernere
2144 2270 2253 2336 divos:

1365 2386 1416 2458 lta
1433 2387 1713 2480 Tragoediarum
1727 2389 1888 2459 omnium
1904 2384 1971 2457 hoc
1986 2391 2214 2481 praecipuum
2235 2406 2286 2463 est
2300 2419 2360 2467 ar-

1364 2504 1582 2579 gumentum.
1652 2490 1754 2561 llanc
1792 2491 2006 2590 sententiam
2035 2491 2162 2563 volunt
2196 2496 2360 2567 omnium

1363 2592 1492 2661 animis
1513 2593 1676 2682 infigere,
1705 2616 1777 2685 esse
1805 2593 1961 2685 aliquam
1989 2607 2142 2663 mentem
2170 2611 2359 2687 aeternam,

1364 2717 1454 2788 qnae
1484 2718 1621 2785 semper
1651 2695 1782 2764 atrocia
1807 2695 1936 2764 scelera
1962 2694 2164 2785 insignibus
2187 2701 2356 2793 exemplis

1362 2796 1487 2887 punit,
1526 2797 1717 2867 moderatis
1751 2820 1835 2866 vero
1867 2810 1902 2867 et
1931 2796 2034 2866 iustis
2064 2799 2261 2893 plerunque
2293 2805 2355 2875 dat
2393 2823 2399 2829 ·

1362 2899 1649 2989 tranquilliorem
1666 2922 1819 2971 cursum.
1868 2895 1917 2968 Et
1931 2900 2135 2993 quanquam
2157 2897 2223 2973 hos
2243 2903 2352 2974 etiam

1363 3000 1542 3071 interdum
1569 3000 1709 3071 fortuiti
1737 3022 1837 3070 casus
1874 3001 2100 3091 opprimunt,
2141 3020 2223 3075 sunt
2256 3006 2352 3076 enim

1362 3103 1494 3172 multae
1515 3124 1662 3171 arcanae
1687 3125 1827 3187 causae,
1860 3116 1978 3172 tamen
2006 3105 2069 3174 illa
2090 3108 2276 3178 manifesta
2297 3133 2355 3178 re-

1361 3204 1442 3293 gula
1476 3215 1550 3273 nori
1576 3218 1771 3296 propterea
1807 3202 1987 3290 aboletur,
2018 3207 2183 3279 videlicet
2217 3234 2357 3302 semper

1361 3302 1560 3400 Erinnyns
1582 3320 1617 3375 et
1638 3328 1758 3376 saevas
1772 3306 1986 3378 calamitates
1999 3309 2142 3378 comites
2157 3334 2232 3380 esse
2255 3327 2354 3383 atro-

1362 3395 1455 3478 cium
1476 3408 1698 3479 delictorum.
1750 3407 1847 3479 Haec
1867 3410 2040 3479 sententia
2060 3412 2191 3481 multos
2211 3414 2254 3481 ad
2272 3439 2355 3485 mo-

1361 3511 1580 3581 derationem
1597 3511 1774 3594 flectebat,
1800 3533 1890 3604 quae
1906 3535 1972 3581 nos
1989 3513 2131 3605 quidem
2147 3515 2259 3603 magis
2270 3542 2353 3587 mo-

1361 3637 1443 3683 vere
1461 3614 1582 3698 debet,
1610 3615 1671 3707 qui
1690 3614 1820 3681 scimus
1838 3638 1914 3683 eam
1932 3630 1967 3684 et
1979 3610 2156 3685 Ecclesiae
2176 3618 2270 3685 clara
2284 3616 2353 3688 Dei

1359 3739 1445 3786 voce
1461 3739 1564 3807 saepe
1581 3716 1745 3785 traditam
1762 3738 1845 3787 esse.

1462 3833 1582 3922 Quare
1596 3830 1877 3921 Tragoediarum
1887 3831 2087 3928 ¹lectionem
2101 3834 2207 3905 valde
2228 3837 2349 3937 utilem

1359 3936 1641 4006 adolescentibus
1656 3958 1728 4003 esse
1745 3959 1818 4003 non
1834 3933 1984 4005 dubium
1999 3949 2071 4019 est,
2096 3961 2177 4005 cum
2193 3941 2236 4007 ad
2254 3964 2351 4009 com·

1359 4038 1645 4107 monefaciendos
1661 4037 1800 4105 animos
1818 4038 1861 4105 de
1875 4036 1996 4105 multis
2010 4038 2103 4106 vitae
2117 4038 2242 4108 officiis
2258 4056 2293 4112 et
2308 4043 2351 4110 de

1358 4139 1541 4209 frenandis
1574 4139 1816 4208 immoderatis
1843 4139 2114 4229 cupiditatibus,
2162 4153 2239 4211 tum
2267 4168 2349 4213 vero

1359 4241 1465 4313 etiam
1491 4243 1535 4310 ad
1558 4242 1808 4333 eloquentiam.
1860 4240 2028 4311 Summus
2052 4256 2102 4310 est
2118 4240 2215 4310 enim
2231 4246 2351 4335 splen·

1359 4344 1622 4433 dorverborum
1638 4356 1672 4411 et
1688 4355 1804 4432 gestus
1820 4343 1968 4411 maxime
1985 4344 2199 4413 incurrentis
2212 4348 2251 4414 in
2265 4372 2352 4417 ocu.

1358 4448 1412 4518 los
1433 4448 1478 4516 ad
1498 4470 1622 4516 omnes
1640 4445 1840 4515 animorum
1859 4458 1975 4513 motus
1993 4446 2136 4515 ciendos
2152 4471 2351 4517 accommo-

1359 4552 1445 4621 dati.
1486 4547 1580 4620 Sunt
1595 4561 1710 4617 autem
1725 4542 1811 4616 haec
1829 4548 1899 4615 duo
1911 4547 2046 4616 lumina
2062 4548 2231 4617 orationis
2245 4573 2350 4638 prae-

1359 4654 1473 4743 cipua.
1524 4647 1576 4722 Et
1593 4673 1798 4742 quanquam
1815 4648 1948 4717 multae
1967 4673 2090 4721 causae
2105 4648 2242 4719 recitari
2264 4674 2350 4743 pus·

1358 4769 1461 4837 sunt,
1487 4775 1577 4845 quae
1600 4751 1777 4819 studiosos
1795 4750 1840 4818 ad
1857 4748 2136 4839 Tragoediarum
2159 4751 2346 4823 lectionem

1358 4856 1531 4936 invitant,
1551 4865 1669 4921 tamen
1693 4851 1749 4919 vel
1772 4847 1858 4921 haec
1880 4875 1952 4920 una
1971 4856 2181 4941 persuadere
2195 4853 2348 4925 saniori-

1357 4959 1424 5026 bus
1446 4955 1568 5038 debet,
1606 4954 1689 5045 quia
1710 4978 1833 5023 omnes
1856 4954 2023 5024 omnibus
2042 4955 2216 5025 aetatibus
2240 4959 2350 5048 degu-

1357 5070 1444 5130 stata
1459 5052 1525 5128 bac
1540 5056 1710 5136 lectione,
1738 5082 1810 5149 quo
1825 5057 1963 5149 saepius
1976 5060 2114 5126 easdem
2129 5055 2348 5147 Tragoedias

1358 5160 1538 5250 relegunt,
1564 5183 1605 5227 eo
1625 5160 1735 5249 magis
1752 5159 1897 5228 consilia
1914 5182 2082 5249 operum,
2116 5172 2149 5229 et
2164 5161 2293 5231 seriem
2308 5186 2348 5233 ac

1356 5266 1507 5334 sormam
1523 5261 1753 5353 expositionis
1767 5263 1959 5341 mirantur,
1994 5274 2028 5329 et
2051 5284 2125 5330 sese
2148 5263 2191 5331 ad
2215 5264 2348 5353 cogita·

1356 5366 1490 5437 tionem
1511 5366 1557 5434 de
1579 5364 1671 5433 vitae
1695 5358 1873 5434 humanae
1896 5361 2065 5443 miseriis,
2098 5364 2283 5450 remediis,
2315 5379 2348 5437 et

1355 5467 1613 5559 gubernatione
1637 5464 1839 5535 exuscitant.
1901 5460 2132 5555 Appetuntur
2157 5490 2240 5557 ergo
2270 5468 2347 5537 avi-

1356 5570 1454 5654 dius,
1477 5593 1549 5663 quo
1565 5567 1678 5656 magis
1698 5568 1931 5657 introspectae
1946 5580 2040 5641 sunt.
2090 5563 2145 5637 Ac
2165 5584 2206 5642 ut
2223 5570 2264 5642 in
2285 5594 2345 5641 ex·

1355 5670 1499 5745 cellensi
1511 5670 1649 5762 pictura
1672 5689 1747 5740 nou
1767 5679 1885 5759 potest
1897 5692 1952 5738 ars
1967 5670 2086 5741 subito
2104 5670 2268 5743 contuitu
2287 5671 2345 5743 iu-

1354 5773 1484 5857 dicari,
1516 5771 1565 5844 ita
1597 5763 1716 5845 iubis
1738 5770 1906 5861 operibus
1930 5772 2187 5864 sapientissime
2206 5773 2345 5866 seriptis

1352 5900 1427 5949 non
1436 5873 1554 5947 statim
1571 5870 1721 5966 perspici
1731 5872 1851 5945 omnia
1865 5876 2023 5946 membra
2037 5889 2197 5967 possunt.
2223 5874 2345 5967 Quam
