5325 6917
303 636 379 715 615
878 610 1320 712 ttrtsrotttttttt
1376 630 1485 714 ctu.
1515 632 1578 709 tn
1630 632 1761 717 1545.
2259 638 2344 713 cte

307 814 488 887 tritionem
511 807 588 881 sine
610 832 693 880 vera
715 807 895 899 agnitione
922 822 1145 900 peccatorum
1166 821 1200 877 et
1222 806 1295 876 irae
1441 803 1533 882 Cum
1564 822 1680 880 autem
1711 832 1834 879 omnes
1862 811 2055 901 prudentes
2086 809 2203 880 sciant
2239 801 2339 879 hune

272 915 275 923 “
307 915 394 1001 Dei,
421 931 455 987 et
471 912 656 983 sinereris
673 912 885 981 terroribus.
935 906 984 980 Et
1005 904 1097 979 hanc
1119 909 1297 978 linxerunt
1345 907 1460 999 ipsum
1470 910 1707 980 articulumin
1717 909 2022 981 nostrisEcclesiis
2037 912 2189 981 fideliter
2200 923 2236 980 et
2248 934 2339 1001 pure

309 1018 439 1086 mereri
461 1014 703 1084 remissionem
727 1025 970 1103 peccatorum,
993 1011 1024 1080 si
1047 1012 1093 1080 sit
1111 1010 1297 1094 sufficiens,
1346 1011 1498 1100 proponi
1515 1023 1549 1078 et
1564 1011 1740 1101 explicari,
1766 1026 1799 1081 et
1812 1014 1998 1082 necessitas
2012 1014 2198 1083 universae
2211 1007 2340 1081 Eccle-

311 1117 410 1201 †sed
427 1115 605 1185 neminem
622 1114 729 1196 scire,
755 1114 896 1205 quando
912 1113 957 1182 sit
969 1110 1173 1184 subiciendi
1346 1110 1418 1186 siae
1436 1109 1608 1200 postulet,
1633 1123 1674 1180 ut
1690 1112 1824 1201 puritas
1840 1108 1946 1183 huius
1962 1114 2101 1184 articuli
2116 1115 2253 1205 optima
2270 1113 2340 1183 fide

412 1215 637 1287 Perniciosus
654 1227 687 1282 ct
707 1209 765 1281 hic
790 1237 888 1281 error
903 1213 983 1297 luit,
1008 1214 1104 1304 quod
1120 1207 1299 1301 †gravia”
1347 1224 1586 1297 conservetur,
1611 1236 1677 1282 nec
1690 1235 1875 1302 possumus
1890 1239 1955 1284 nec
1970 1215 2133 1285 volumus
2148 1214 2339 1284 admittere

312 1319 481 1390 interiora
496 1327 634 1408 peccata
648 1327 875 1384 removerunt
897 1338 938 1382 ex
953 1325 1159 1404 conspectu,
1186 1326 1220 1381 et
1235 1334 1300 1379 ne-
1347 1312 1565 1403 corruptelas
1581 1306 1623 1406 Ι“)
1643 1308 1748 1383 huius
1765 1313 1917 1388 articuli.

313 1434 440 1511 gamot
454 1441 526 1486 esse
550 1427 708 1506 peccata,
732 1427 774 1483 ut
789 1415 1045 1498 dubitationes,
1067 1413 1300 1497 securitatem,
1447 1410 1662 1505 Quanquam
1679 1426 1795 1483 autem
1810 1416 1958 1485 artifices
1973 1417 2127 1509 quidam,
2153 1416 2219 1510 qui
2234 1415 2340 1487 noris

313 1518 557 1600 diffidentiam,
580 1528 613 1584 et
629 1515 714 1583 alias
730 1538 857 1605 pravas
869 1515 1130 1588 inclinationes.
1180 1510 1300 1583 Econ-
1346 1512 1437 1583 lucis
1452 1514 1605 1605 pingunt
1618 1526 1652 1583 et
1666 1528 1831 1584 excusant
1844 1530 1978 1587 veteres
1993 1520 2132 1603 abusus,
2158 1530 2341 1611 quaerunt

313 1636 367 1691 tra
391 1643 476 1689 vero
493 1616 677 1708 pueriliter
691 1616 868 1687 linxemnt
885 1630 1025 1709 peccata
1041 1604 1301 1687 extraditioni-
1347 1628 1490 1684 nostrae
1535 1616 1776 1707 explicationis
1798 1610 1858 1711 ²⁰)*
1889 1619 2147 1689 cavillationes:
2197 1617 2339 1688 Tamen

312 1724 381 1793 bus
397 1717 574 1791 humanis.
944 1735 949 1745 ·
1348 1739 1472 1784 omncs
1491 1716 1682 1806 prudentes
1697 1730 1831 1787 nomnt
1845 1718 2005 1789 omniurn
2023 1720 2179 1813 partium
2204 1718 2342 1790 doetri-

414 1820 554 1893 Deinde
569 1820 613 1887 de
629 1818 916 1902 enumeratione,
935 1819 979 1886 de
993 1817 1303 1901 satisfactionibus,
1348 1839 1433 1884 nam
1450 1811 1491 1910 ²¹)
1513 1817 1552 1885 in
1574 1811 1642 1887 hoc
1665 1818 1816 1887 articulo
1839 1822 1935 1910 apud
1959 1845 2025 1891 nos
2050 1845 2192 1908 veram,
2219 1810 2343 1892 incor-

315 1937 350 1993 et
368 1920 598 2009 indulgentiis
622 1942 757 1988 errores
781 1943 903 1989 eorum
924 1943 1014 2012 pene
1034 1920 1199 1990 manibus
1224 1918 1302 2011 pal·
1350 1930 1510 2010 ruptam,
1534 1918 1651 2009 piam,
1676 1933 1711 1989 et
1727 1920 1916 1990 salutarem
1932 1945 2014 1997 esse.

316 2024 392 2117 pari
410 2034 569 2114 possunt.
1450 2015 1715 2089 confessionem
1731 2044 1812 2089 vero
1828 2034 1861 2091 et
1876 2021 1943 2113 ipsi
1959 2024 1996 2091 iu
2016 2046 2084 2093 usu
2099 2023 2160 2115 pio
2182 2022 2341 2094 retinere

412 2121 595 2191 Postremo
617 2120 797 2189 silentium
820 2144 964 2212 prorsus
982 2133 1033 2190 est
1049 2123 1142 2211 apud
1159 2141 1236 2204 eos,
1259 2119 1303 2187 de
1349 2120 1548 2201 studemus,
1572 2132 1614 2190 ut
1631 2120 1670 2188 in
1684 2143 1723 2189 ea
1746 2121 1897 2212 populus
1911 2125 2092 2194 erudiatur
2108 2138 2143 2195 et
2165 2125 2256 2194 fides
2278 2150 2342 2196 ru·

315 2225 384 2293 lide
405 2246 466 2292 seu
490 2219 616 2292 fiducia
636 2223 676 2290 in
699 2217 881 2293 Christum
905 2221 1098 2312 accipiente
1125 2221 1304 2290 remissio·
1351 2221 1452 2290 dium
1469 2218 1515 2315 ²²)
1530 2221 1742 2313 exploretur,
1768 2236 1804 2292 et
1818 2238 1951 2293 mentes
1967 2226 2238 2317 perterrefactae
2253 2251 2343 2298 con-

315 2348 397 2395 nem
419 2336 661 2416 peccatorum,
685 2322 758 2391 imo
773 2322 899 2393 iubent
913 2323 1088 2422 dubitare.
1351 2321 1560 2390 solationem
1575 2321 1732 2401 audiant,
1755 2346 1794 2392 ac
1809 2340 1949 2395 maneat
1963 2324 2361 2418 intellectusEvange·¹

416 2423 567 2516 Propter
582 2420 648 2492 hos
662 2447 798 2493 errores
810 2425 925 2515 reipsa
941 2424 1103 2493 doctrina
1122 2446 1243 2491 eorum
1259 2421 1303 2489 de
1351 2422 1409 2507 lii,
1434 2434 1468 2491 et
1488 2420 1728 2492 testimonium
1748 2424 1950 2514 publicum,
1981 2429 2078 2521 quod
2099 2425 2341 2518 Evangelinm

314 2519 695 2619 poenitentiaEthnica
710 2522 1197 2616 †quaedamsapientia''est,
1213 2544 1303 2613 quae
1351 2545 1432 2590 vere
1464 2524 1659 2592 annunciet
1689 2524 1932 2594 remissionem
1964 2542 2188 2620 peccatorum
2217 2530 2342 2602 multis

316 2627 547 2698 conscientias
559 2624 730 2715 relinquit
743 2624 783 2690 in
799 2624 1021 2692 dubitatione
1037 2624 1081 2692 de
1098 2623 1303 2691 remissione
1351 2622 1511 2713 publice,
1535 2636 1569 2692 et
1584 2625 1750 2714 privatim
1767 2625 1914 2715 singulis
1930 2631 2129 2719 petentibus
2142 2645 2175 2702 et
2189 2636 2341 2702 creden-

315 2739 559 2818 peccatorum,
584 2736 645 2792 aut
670 2724 774 2792 docet
792 2724 1012 2815 acquiescere
1034 2724 1073 2791 in
1095 2724 1304 2794 satisfactio·
1353 2724 1459 2796 tibus.
1508 2721 1558 2794 Et
1588 2724 1620 2793 si
1651 2726 1814 2795 salutaris
1846 2729 2049 2799 reformatio
2083 2732 2341 2819 institueretur,

315 2828 441 2912 nibus,
466 2824 558 2894 sicut
572 2819 771 2894 Alcoranus
784 2825 932 2894 tradidit
948 2847 1120 2907 canones,
1143 2824 1205 2916 qui
1223 2847 1304 2914 gra·
1352 2823 1539 2916 praecipue
1554 2848 1643 2916 opus
1659 2841 1746 2895 esset
1762 2821 1857 2895 bunc
1869 2841 1982 2898 totum
1993 2831 2182 2902 articulum
2195 2836 2241 2904 de
2253 2858 2341 2926 poe-

317 2930 384 2998 dus
416 2925 644 3010 delictomm,
685 2923 815 3017 quibus
849 2926 1017 3017 operibus
1050 2925 1305 3017 compensandi
1352 2926 1521 3009 nitentia,
1545 2941 1580 2995 et
1596 2926 1791 2996 doctrinam
1809 2929 1853 2997 de
1872 2932 2109 3019 confessione,
2131 2937 2176 3004 de
2200 2937 2340 3026 privata

316 3029 387 3100 sint
403 3023 455 3121 ¹⁸).
1353 3026 1592 3109 absolutione,
1616 3027 1711 3095 etde
1731 3026 1862 3098 lideita
1884 3033 2058 3124 proponi,
2081 3048 2158 3105 tum
2180 3038 2220 3105 in
2235 3034 2341 3107 Cate-
2364 3051 2373 3060 ’

417 3128 565 3199 Constat
579 3141 695 3199 autem
711 3129 908 3201 doctrinam
924 3130 967 3199 de
980 3151 1063 3198 vera
1077 3126 1305 3218 poenitentia,
1353 3121 1511 3211 chismis,
1536 3139 1612 3195 tum
1631 3126 1718 3196 alias
1742 3126 1781 3195 in
1803 3132 2033 3205 concionibus
2055 3137 2175 3205 doceri
2198 3151 2233 3207 et
2251 3162 2341 3207 con·

223 3229 225 3236 '
319 3233 363 3301 de
393 3232 573 3319 agnitione
598 3244 842 3318 peccatorum,
871 3244 905 3300 et
931 3231 1004 3300 irae
1031 3227 1117 3312 Dei,
1152 3231 1304 3296 devera
1352 3226 1502 3311 servari,
1525 3227 1770 3300 sicutanobis
1785 3253 1905 3322 saepe,
1929 3258 2029 3321 vere,
2053 3250 2086 3308 et
2110 3237 2254 3328 copiose
2274 3262 2341 3307 ex-

318 3331 550 3412 contritione,
582 3341 615 3396 et
639 3330 732 3396 veris
754 3328 967 3415 terroribus,
999 3330 1062 3422 qui
1085 3329 1239 3399 existunt
1266 3328 1303 3395 in
1352 3326 1501 3418 plicatus
1521 3342 1583 3400 est.

317 3442 438 3497 mente
469 3439 677 3514 agnoscente
708 3443 865 3517 peccata,
895 3433 939 3500 de
966 3432 1034 3499 lide
1062 3431 1101 3498 in
1122 3425 1302 3500 Christum
1451 3425 1506 3497 De
1528 3430 1889 3503 excommunicatione
1912 3459 1996 3505 vero
2021 3438 2120 3507 etde
2142 3461 2258 3529 poena
2281 3463 2342 3509 se-

317 3528 510 3618 accipiente
529 3526 784 3610 remissionem,
811 3531 905 3598 etde
923 3555 1014 3598 nova
1031 3530 1244 3610 obedientia,
1271 3542 1304 3597 et
1352 3544 1482 3622 quente
1499 3532 1897 3603 excommunicationem
1914 3536 2007 3606 infra
2029 3538 2195 3629 incapite
2213 3541 2258 3610 de
2281 3541 2344 3612 iu-

317 3653 400 3697 vera
424 3625 670 3697 emendatione
702 3626 795 3695 vitae
825 3641 859 3696 et
885 3652 1045 3709 morum,
1078 3632 1303 3722 praecipuum
1352 3629 1455 3699 diciis
1479 3627 1734 3702 Ecclesiasticis
1757 3635 1904 3709 dicetur.
1961 3636 2067 3710 Nunc
2091 3640 2187 3712 enim
2209 3642 2256 3712 de
2279 3644 2343 3737 pio

317 3752 391 3799 esse
420 3741 525 3820 caput
551 3728 733 3799 doctrinae
759 3721 1003 3809 Christianae,
1035 3734 1132 3822 quod
1154 3734 1305 3802 maxime
1352 3753 1420 3801 usu
1433 3731 1741 3804 sacramentorum
1756 3731 1872 3807 adhuc
1887 3738 2049 3816 dicimus.

319 3854 408 3923 opus
426 3844 478 3901 est
496 3830 630 3898 sincere
645 3842 679 3899 et
693 3829 894 3921 incormpte
910 3831 1012 3903 tradi.

420 3927 473 4001 Ac
488 3931 693 4017 intelligunt
706 3953 830 3999 omnes
849 3931 902 4022 pii
917 3954 953 4000 se
968 3955 1051 4001 vero
1071 3940 1212 4021 pectore
1226 3924 1304 3995 Deo

318 4034 447 4123 gratias
462 4054 562 4120 agere
581 4031 717 4113 debere,
739 4056 803 4121 pro
818 4032 990 4100 immenso
1006 4030 1188 4113 beneficio,
1207 4030 1302 4121 quod
1453 4024 1644 4119 Postquam
1667 4024 1764 4099 Deus
1788 4029 1891 4100 initio
1912 4056 1975 4123 per
1988 4028 2125 4119 Adam,
2150 4050 2186 4108 et
2207 4037 2342 4110 deinde

317 4155 440 4204 rursus
467 4130 627 4201 accendit
653 4131 767 4199 lucem
795 4126 902 4201 huius
926 4133 1126 4215 doctrinae,
1157 4130 1303 4219 depulsa
1351 4150 1414 4217 per
1432 4121 1522 4195 Abel
1543 4129 1697 4199 instituit
1714 4132 1946 4202 ceremonias:
1969 4137 2087 4203 statim
2102 4134 2192 4207 Cain
2208 4153 2245 4208 et
2263 4141 2341 4212 eius

316 4234 466 4324 caligine
499 4244 534 4301 et
553 4231 691 4301 reiectis
719 4232 917 4317 erroribus,
950 4247 990 4303 ut
1012 4234 1125 4303 sciant
1152 4231 1222 4299 iam
1253 4230 1304 4320 pii
1351 4228 1545 4298 imitatores
1573 4224 1779 4322 hypocritae
1803 4232 2038 4323 depravarunt
2059 4259 2133 4323 eas,
2166 4252 2202 4310 et
2224 4242 2342 4312 varlas

316 4361 399 4407 vera
414 4346 637 4427 peccatorum
654 4332 877 4416 discrimina,
901 4346 934 4403 et
956 4335 1021 4404 ubi
1040 4357 1124 4403 vera
1142 4331 1304 4401 consola·
1352 4328 1567 4419 corruptelas
1585 4330 1810 4402 affinxerunt.
1862 4330 1914 4404 lta
1935 4334 1973 4401 in
1994 4338 2126 4427 populo
2146 4335 2255 4412 lsrael
2280 4367 2341 4414 ce.

317 4438 368 4530 tio
396 4437 549 4527 petenda
573 4436 641 4518 sit,
667 4459 707 4504 ac
736 4447 870 4505 norunt
902 4430 968 4504 hos
1000 4458 1073 4505 esse
1097 4434 1304 4525 praecipuos
1353 4429 1527 4502 remonias
1541 4453 1561 4500 a
1576 4426 1651 4500 Deo
1666 4433 1845 4504 ordinatas
1861 4436 2117 4511 transtulerunt
2132 4435 2341 4536 hypocritae
2357 4473 2371 4494 ⁸

319 4535 433 4606 cultus
456 4535 543 4618 Dei,
577 4558 801 4625 expavescere
830 4549 1018 4626 conspectu
1042 4550 1182 4605 nostrae
1204 4534 1305 4602 inlit-
1352 4533 1397 4602 ad
1416 4532 1562 4616 abusus,
1595 4546 1629 4601 et
1651 4555 1764 4603 novae
1787 4537 1998 4624 excogitatae
2018 4553 2121 4621 sunt,
2152 4555 2192 4610 ut
2214 4543 2340 4615 cultus

263 4665 265 4669 ·
317 4633 450 4705 mitatis
467 4649 501 4705 et
518 4635 591 4703 irae
604 4633 693 4715 Dei,
719 4649 753 4704 et
767 4649 885 4706 tamen
901 4638 1090 4727 confugere
1105 4637 1150 4705 ad
1169 4634 1305 4704 media·
1352 4630 1457 4717 Baal,
1482 4645 1516 4701 et
1538 4632 1765 4703 excelsorum.
1814 4633 1887 4704 Nec
1910 4638 2001 4707 ratio
2025 4634 2177 4711 humana
2199 4642 2341 4719 iudicat

318 4753 430 4808 torem
447 4731 646 4815 Christum,
673 4746 708 4802 et
725 4750 876 4807 statuere
898 4751 1043 4830 propter
1058 4739 1174 4827 ipsum
1192 4723 1305 4804 dona·
1352 4756 1426 4801 esse
1447 4745 1605 4824 peccata,
1637 4735 1850 4804 ceremonias
1878 4760 1899 4806 a
1921 4735 1997 4807 Deo
2020 4741 2198 4812 institutas
2218 4756 2340 4817 trans-

318 4852 388 4907 tam
412 4858 485 4904 esse
504 4832 747 4902 remissionem
765 4851 1006 4924 peccatorum,
1032 4852 1066 4907 et
1089 4834 1155 4908 hac
1176 4838 1244 4905 lide
1266 4835 1303 4902 in
1352 4834 1442 4901 ferre
1464 4833 1507 4899 ad
1530 4831 1618 4899 alios
1634 4855 1718 4901 usus
1739 4853 1876 4925 praeter
1896 4838 2176 4928 institutionem,
2199 4861 2265 4918 aut
2279 4873 2341 4919 ex-

244 4962 250 4968 ·
317 4932 459 5009 Christo
485 4932 722 5026 acquiescere,
753 4935 842 5005 sicut
866 4939 1033 5029 scriptum
1057 4952 1124 5009 est:
1157 4928 1304 5024 Iustifi-
1352 4931 1503 5020 cogitare
1520 4954 1634 5001 novos
1650 4934 1778 5009 cultus.
1799 4934 1890 5007 lmo
1906 4942 2010 5011 sentit
2028 4937 2092 5011 hos
2105 4945 2196 5015 ritus
2210 4949 2341 5021 eximia

318 5030 477 5128 cetifide
491 5056 616 5130 pacem
631 5026 819 5103 habemus.
1351 5054 1457 5124 opera
1481 5055 1574 5117 esse,
1606 5047 1703 5123 grata
1727 5034 1822 5123 Deo,
1855 5040 1944 5110 iram
1967 5042 2043 5111 eius
2069 5045 2268 5135 placantia,
2299 5065 2342 5124 ut

1641 3887 1704 3964 De
1731 3887 1856 3966 Coeno
1878 3891 2049 3968 Domini.

210 5143 212 5149 '
334 5161 336 5165 ·
419 5136 521 5206 Hanc
535 5138 648 5206 lucem
666 5135 870 5219 doctrinae,
896 5135 926 5203 si
941 5133 1020 5227 quis
1043 5158 1115 5203 non
1130 5133 1304 5223 magnisa-
1351 5156 1432 5202 cum
1455 5129 1634 5206 lsrae'litae
1665 5135 1703 5205 in
1734 5141 1899 5212 omnibus
1927 5144 2108 5216 montibus
2134 5163 2341 5227 extruerent

318 5240 376 5322 cit,
400 5236 524 5327 procul
541 5238 637 5307 abest
654 5262 672 5306 a
688 5230 821 5307 Christi
837 5236 1027 5326 agnitione,
1053 5251 1087 5308 et
1104 5231 1210 5306 habet
1223 5236 1303 5304 ani·
1350 5235 1497 5323 sacella,
1522 5236 1770 5311 existimabant
1784 5264 1820 5310 se
1833 5266 1958 5333 augere
1975 5244 2069 5316 bona
2085 5271 2208 5341 opera,
2230 5265 2266 5325 et
2282 5277 2341 5327 sa-

317 5363 415 5407 mum
431 5350 638 5426 occupatum
651 5337 809 5429 profanis
824 5351 885 5409 aut
901 5331 1155 5430 philosophicis
1175 5337 1303 5428 imagi·

317 5439 537 5508 nationibus.

1358 5417 1588 5444 *¹

1386 5511 1432 5580 ts)
1451 5511 1514 5566 Pes.
1530 5530 1580 5566 nee
1591 5523 1710 5581 psam
1720 5532 1770 5569 nec
1781 5518 1882 5571 desem
1893 5522 2012 5577 admitti
2019 5531 2211 5593 sarmatae.

667 5608 669 5612 .
1384 5594 1429 5661 ω)
1447 5592 1512 5646 Pes.
1522 5604 1622 5648 contra
1634 5605 1762 5650 noevum
1776 5602 2007 5665 explicationem.

353 5702 397 5768 18)
414 5701 484 5753 sicut
510 5693 751 5765 discretissime]
776 5689 949 5755 Baranam
977 5696 1078 5753 fimf,
1102 5694 1207 5756 ,Μὴ
1225 5696 1301 5769 wi
1384 5680 1430 5748 21>
1448 5677 1511 5732 Pez.
1521 5682 1696 5744 poenitentia
1710 5684 1884 5741 anarchum.

387 5766 633 5839 praetermittenda.
1033 5785 1040 5791 ·
1199 5803 1201 5807 -
1383 5761 1431 5864 ἓξ)
1447 5761 1650 5832 rudiumll'es.
1661 5765 1824 5868 nmmum.
