5325 6917
228 689 301 763 705
809 683 1242 761 EPISTOLARUM
1293 687 1684 765 Llss.1x.1545.
2192 701 2268 773 706

228 887 368 933 mecum
390 864 435 932 de
456 860 549 952 Rep.
575 884 675 951 saepe
697 861 837 930 locutus
863 870 933 943 est,
957 856 1068 927 multa
1091 859 1135 926 de
1154 859 1221 927 do·
1371 852 1580 928 Maliehius
1603 860 1741 951 scripsit
1766 863 1809 931 de
1830 866 1956 934 morbo
1976 860 2141 962 Georgii.
2192 868 2264 941 Sed

229 965 342 1035 ctrina
369 966 579 1043 sciscitatus,
608 975 643 1032 et
664 964 708 1030 de
730 985 811 1029 vera
824 958 923 1029 Der
912 963 1154 1041 anvocatione,
1180 982 1220 1027 ae
1274 983 1350 1029 verr
1338 959 1486 1030 fontes
1513 962 1822 1030 solicitudinum
1812 965 1923 1054 rpsius
1948 961 2039 1035 mihi
2070 971 2146 1058 noti
2168 986 2261 1051 sunt,

227 1091 309 1136 vere
324 1066 489 1155 praedico
509 1089 565 1132 me
584 1060 931 1133 commonefactum
919 1060 1030 1151 ipsius
1044 1059 1218 1133 eruditiss.
1272 1085 1361 1152 quos
1384 1086 1502 1131 coram
1524 1063 1689 1134 recitabo.
1740 1062 1816 1132 Hae
1839 1067 2010 1156 paulatim
2035 1052 2203 1138 cordis
2169 1096 2262 1141 vrres

228 1167 420 1236 sermonib
436 1180 471 1236 et
486 1165 599 1255 plenas
616 1164 762 1254 pretate,
790 1163 961 1254 quaedam
978 1174 1097 1250 postea
1116 1184 1219 1230 accu-
1271 1163 1536 1246 absumserunt,
1568 1177 1603 1233 et
1626 1165 1723 1255 quod
1744 1165 1820 1233 fieri
1848 1167 1953 1253 solet,
1986 1180 2100 1238 totum
2123 1172 2261 1263 στῆθος

227 1269 340 1338 ratius
354 1280 527 1337 tractasse
561 1262 678 1334 Cum
667 1267 777 1351 agitur
792 1276 827 1332 et
840 1261 1077 1350 integritatem
1094 1261 1218 1351 ipsius,
1270 1262 1569 1351 languefecerunt·
2029 1303 2031 1309 ·

229 1384 265 1439 et
289 1368 530 1458 prudentiam,
565 1379 599 1435 et
623 1379 737 1435 totum
767 1363 984 1433 curriculum
1009 1363 1160 1430 salutare
1184 1376 1219 1432 ct
1370 1362 1476 1433 Facio
1500 1368 1544 1433 de
1564 1366 1634 1433 mei
1660 1366 1813 1456 pectoris
1843 1368 2055 1438 arefactione
2080 1369 2260 1440 coniectu-

226 1471 311 1539 felix
333 1468 513 1551 noverim,
537 1488 703 1555 magnum
722 1460 815 1533 mrbr
828 1463 1033 1533 dolorem
1003 1485 1078 1532 erus
1093 1462 1218 1532 rnten
1269 1487 1356 1536 ram.
1413 1464 1573 1534 Libellos
1596 1489 1616 1535 a
1638 1480 1671 1537 te
1695 1469 1820 1536 missos
1839 1469 1975 1560 accepi,
1984 1495 2064 1562 pro
2086 1494 2157 1563 qua
2180 1472 2258 1539 edi-

227 1584 285 1641 tus
300 1569 413 1641 affert
465 1565 514 1637 Et
527 1592 729 1661 quanquam
745 1590 820 1635 mea
837 1587 955 1634 caussa
971 1564 1138 1654 privatam
1153 1566 1218 1633 do-
1269 1548 1858 1657 tiouetibiReipnominegratias
1876 1591 1951 1686 ago.

228 1672 303 1754 leo,
328 1669 441 1739 amico
455 1693 512 1737 me
527 1669 590 1738 tali
605 1669 768 1738 orbatum
781 1690 871 1746 esse,
893 1666 998 1734 cuius
1014 1665 1099 1734 lides
1113 1688 1218 1755 prae·
1368 1663 1457 1734 Heri
1473 1668 1606 1737 litteras
1620 1664 1792 1739 aBucero
1803 1672 1941 1788 accepui,
1949 1696 2012 1763 qur
2000 1671 2112 1740 vrdrt
2125 1672 2256 1742 editam

230 1772 321 1841 srdro
338 1766 427 1838 mrhr
443 1793 515 1838 esse
529 1783 685 1861 poterat
711 1782 828 1837 tamen
841 1765 944 1883 Reip.
967 1789 1086 1835 caussa
1108 1767 1218 1855 magis
1268 1754 1470 1882 κατήχησιν
1492 1765 1728 1862 Graecam),
1758 1795 1841 1839 nam
1861 1772 1944 1840 misi
1952 1768 2195 1865 ⁴)Sturmio,
2220 1786 2256 1843 et

229 1873 387 1955 crucior,
414 1872 457 1939 de
474 1894 543 1961 qua
568 1870 771 1959 praesertim
793 1868 945 1936 nuncin
961 1866 1217 1956 gubernatione
1268 1890 1384 1956 nuper
1411 1867 1492 1933 misi
1519 1863 1614 1938 hunc
1640 1885 1814 1940 recentem
1838 1872 2017 1958 libellum,
2060 1875 2160 1943 valde
2188 1874 2256 1944 tibi

227 1972 467 2044 Ecclesiarum
484 1968 621 2063 Mysiae
639 1970 813 2060 praeclare
830 1969 958 2038 mereri
971 1980 1117 2059 poterat.
1144 1964 1216 2036 Nee
1268 1967 1397 2054 gratias
1412 1968 1484 2057 agit
1497 1972 1592 2058 quod
1616 1972 1661 2040 ad
1680 1974 1874 2041 ornandam
1887 1969 2081 2043 Ecclesiam
2097 1976 2255 2045 studium

227 2073 354 2144 dubito
371 2084 404 2139 te
416 2071 540 2139 iisdem
555 2072 683 2140 caussis
699 2070 852 2153 moveri,
867 2070 964 2162 quib.
980 2093 1042 2158 ego
1057 2092 1216 2152 moveor,

228 2189 262 2246 et
277 2196 398 2241 sensus
413 2172 545 2240 doloris
562 2172 614 2243 tui
628 2172 731 2241 initio
746 2171 861 2239 acrior
877 2184 946 2254 est,
969 2182 1114 2260 propter
1129 2171 1217 2238 edu-

227 2274 375 2344 cationis
389 2285 468 2342 tuae
484 2273 699 2342 memoriam.
750 2271 838 2355 Sed,
859 2269 909 2337 mi
924 2266 1116 2350 loachime,
1132 2293 1217 2339 con-

227 2374 402 2463 fugiamus
416 2374 460 2442 ad
474 2397 532 2442 eas
548 2374 825 2458 consolationes,
850 2375 937 2461 quas
951 2369 1048 2440 Deus
1064 2371 1137 2459 ipse
1154 2394 1218 2461 pa-

229 2474 346 2546 tefecit
367 2470 523 2543 humano
547 2474 677 2565 generi.
729 2472 805 2542 Scis
827 2485 959 2563 quanta
985 2472 1030 2540 sit
1052 2470 1188 2560 caligo
1179 2495 1217 2538 ιιι

227 2570 1216 2669 philosophiaSocraticadecaussismortisetingentium

230 2677 468 2746 calamitatum
491 2671 745 2757 humanarum,
777 2687 811 2743 et
834 2674 877 2741 de
900 2672 1064 2740 remediis
1085 2696 1216 2742 earum.

231 2777 302 2849 Sed
326 2777 459 2867 prodiit
474 2774 570 2844 Dens
592 2800 633 2846 ex
655 2774 807 2843 aeternis
821 2773 965 2849 latebris
981 2773 1073 2855 suis,
1099 2785 1133 2841 et
1156 2795 1218 2841 sua

230 2901 314 2947 voce
339 2878 478 2960 docuit,
507 2901 570 2945 cur
593 2871 679 2944 haec
699 2874 834 2963 fragilis
851 2886 977 2943 natura
995 2873 1102 2941 tantis
1117 2897 1219 2941 aeru-

229 2980 323 3047 mnis
338 2979 492 3047 subiecta
510 2978 575 3060 sit,
591 2990 626 3045 et
642 2990 786 3047 testatus
804 2987 874 3059 est,
889 2998 926 3043 se
943 2970 1119 3042 Ecclesiae
1137 2996 1218 3043 suae

232 3080 426 3148 affuturum
447 3092 482 3147 et
502 3078 759 3167 opitulaturum
779 3099 862 3148 esse.
913 3073 990 3143 Hac
1007 3096 1072 3141 nos
1088 3075 1220 3143 doctri·

159 3260 163 3267 Ι
232 3204 297 3257 na,
324 3204 414 3271 quae
434 3179 500 3247 tibi
521 3190 604 3246 nota
629 3191 697 3259 est,
727 3190 977 3256 sustentemus,
1008 3198 1082 3242 non
1104 3176 1218 3246 solum

233 3283 271 3349 in
296 3275 362 3350 hoc
383 3279 500 3358 luctu,
533 3278 714 3347 sedetiam
738 3277 776 3344 in
797 3275 920 3346 ceteris
933 3275 1104 3361 miseriis,
1130 3301 1220 3369 quae

231 3381 361 3450 multae
377 3395 411 3450 et
424 3402 570 3469 magnae
585 3391 677 3449 sunt.

333 3477 430 3551 Mihi
444 3480 657 3549 maesticiam
673 3473 861 3547 hisdiebus
875 3503 955 3547 cum
971 3478 1038 3548 alia
1048 3479 1220 3572 quaedam

211 3614 216 3620 ·
231 3595 423 3665 erexerunt,
449 3593 524 3649 tum
540 3604 623 3650 vero
648 3580 812 3669 inprimis
829 3582 1115 3651 commemoratio
1130 3573 1221 3647 Bel-

230 3681 335 3776 gicae
357 3682 585 3753 crudelitatis.
637 3679 814 3749 Interfecti
837 3695 920 3750 sunt
944 3705 1064 3750 recens
1078 3681 1221 3774 quidam

233 3779 472 3865 Arlcsieasis,
498 3782 727 3851 concionator
744 3778 901 3850 Gallicae
918 3777 1116 3866 Ecclesiae,
1133 3805 1220 3873 quae

233 3881 462 3974 Argentorati
490 3883 624 3968 exulat,
647 3883 703 3951 vir
724 3883 848 3951 doctus
871 3895 905 3950 et
920 3907 993 3950 non
1016 3884 1222 3974 inquinatus

234 3987 314 4056 labe
336 3984 486 4054 fanatica
518 3984 611 4065 ulla,
643 3997 678 4053 et
700 3977 879 4073 Aegidius
898 3981 1155 4065 Bruxellensis‚
1188 3996 1222 4052 et

235 4101 394 4157 matrona
418 4084 550 4153 nobilis
569 4078 855 4152 Davenlrr'ensr's
877 4107 957 4152 cum
973 4086 1109 4153 duabus
1127 4084 1221 4174 filia·

235 4189 301 4256 bus
322 4186 449 4279 pudice
474 4199 508 4254 et
535 4185 592 4275 pie
617 4185 783 4253 educatis.
832 4181 881 4255 Et
902 4185 1033 4253 similes
1053 4181 1222 4255 historiae

234 4289 323 4357 aliae
336 4288 544 4369 recitantur,
560 4305 710 4377 quarum
724 4285 953 4374 cogitatione,
969 4286 1107 4355 utinam
1122 4286 1222 4376 prin·

236 4391 330 4480 cipes
345 4389 413 4456 viri
430 4400 655 4456 moverentur
661 4382 706 4481 ¹.)

336 4486 461 4559 Rediit
476 4486 804 4583 nosterHispoaos
818 4479 1062 4555 Franciscus²
1072 4485 1108 4580 ),
1129 4486 1224 4573 disi·

239 4592 336 4660 nitus
365 4589 552 4672 liberatus,
584 4590 659 4658 sine
687 4612 752 4677 ope
777 4587 887 4657 ullius
912 4584 1087 4669 hominis,
1119 4609 1224 4677 quem

240 4693 382 4785 quidem
404 4692 476 4779 ipse
500 4681 624 4768 norit,
642 4690 728 4759 iussi
752 4713 831 4758 enm
856 4685 1041 4758 historiam
1063 4686 1225 4771 scribere,

240 4818 344 4885 quam
368 4793 436 4861 tibi
458 4790 653 4861 afferemus.
715 4788 885 4859 Feramus
912 4790 1021 4877 igitur
1048 4789 1087 4855 in
1119 4788 1226 4858 tantis

239 4892 342 4965 Puhl.
365 4890 542 4962 Ecclesiae
575 4890 726 4959 miseriis
754 4899 859 4962 etiarn
890 4905 1007 4960 nostra
1035 4911 1161 4972 onera,
1194 4904 1227 4960 et

239 5017 466 5082 agnoscamus
489 5017 528 5062 ac
551 4993 775 5083 deploremus
796 5013 949 5073 caussas,
981 5003 1015 5058 et
1037 4990 1229 5079 mitigatio-

241 5118 322 5162 nem
335 5106 511 5184 petamus,
536 5107 577 5163 ut
598 5116 699 5182 saepe
714 5087 911 5179 Prophetae
926 5090 1122 5159 clamitant:
1155 5088 1230 5160 Ite-

243 5197 388 5264 cordare
408 5192 523 5277 Deus,
547 5219 628 5265 cum
653 5193 829 5277 irasceris,
855 5191 1115 5259 misericordiae
1139 5204 1230 5275 tuae,

243 5321 309 5365 nec
334 5309 444 5366 totam
468 5293 555 5363 iram
580 5310 677 5365 tuam
708 5294 894 5372 accendas,
928 5314 1029 5361 serra
1054 5288 1231 5360 Ecclesiae

243 5397 429 5490 reliquias,
462 5417 526 5464 nec
550 5419 615 5467 nos
628 5396 782 5467 ''abiicias
802 5396 894 5465 inter
908 5392 1053 5483 impiost
1103 5389 1231 5482 Mitiga

241 5500 330 5567 iram
347 5509 455 5569 tuam.

282 5746 308 5807 1)
327 5704 393 5795 Mal.
409 5741 547 5807 principes
558 5738 655 5792 nostrl
664 5749 852 5794 monerentur.
972 5766 979 5794 ι

279 5826 309 5889 2)
328 5824 483 5892 Dryander.

265 5904 423 5971 Murra.
438 5902 543 5968 Orra.
569 5898 654 5967 vor..
666 5900 711 5967 V.

1269 2082 1370 2137 tuum
1393 2068 1540 2137 confers
1598 2066 1796 2163 Epistolam
1828 2075 1872 2143 ad
1900 2069 2096 2152 Irenaeum
2124 2075 2258 2165 perlegi

1268 2183 1389 2240 totam.
1438 2164 1539 2237 thrl
1563 2168 1652 2241 mrhr
1677 2199 1716 2241 ιιι
1738 2170 1804 2244 hac
1817 2174 1888 2245 vita
1904 2176 2019 2244 maius
2033 2176 2145 2245 tribui
2162 2189 2257 2267 opto,

1268 2294 1376 2362 quam
1391 2269 1443 2337 ibi
1460 2266 1548 2339 mihi
1562 2272 1701 2348 tribuis.
1750 2271 1829 2344 Etsi
1842 2288 1956 2345 autem
1969 2277 2080 2346 debeo
2096 2278 2162 2346 tibi
2176 2279 2258 2367 plu-

1270 2370 1400 2438 rimum
1426 2395 1490 2458 pro
1517 2367 1584 2439 hoc
1607 2387 1679 2443 tam
1698 2370 1895 2446 honorifico
1898 2378 2130 2468 testimonio,
2156 2401 2196 2446 ac
2213 2401 2256 2446 ex

1269 2471 1389 2539 animo
1406 2471 1472 2538 tibi
1487 2472 1616 2559 gratias
1631 2497 1713 2564 ago,
1737 2489 1946 2546 tamencum
1959 2503 2016 2547 me
2033 2432 2132 2569 quasi
2151 2480 2193 2546 ad
2211 2478 2256 2544 il-

1269 2572 1340 2640 lam
1361 2570 1549 2660 imaginem
1571 2576 1732 2659 consero,
1756 2577 1931 2669 videoque
1951 2580 2010 2646 vix
2034 2592 2167 2670 partem
2190 2578 2256 2645 ali-

1271 2695 1376 2764 quam
1396 2673 1467 2740 mei
1487 2677 1715 2762 respondere,
1738 2681 1827 2745 sane
1842 2679 1952 2768 pudet
1974 2702 2031 2746 me
2047 2680 2128 2748 mei.
2181 2676 2257 2746 Vo-

1269 2774 1388 2840 luntas
1407 2786 1500 2841 recte
1519 2774 1672 2843 faciendi
1693 2801 1767 2845 aron
1783 2778 1896 2847 defuit
1909 2773 2016 2861 mihi,
2043 2780 2166 2861 duceS,
2191 2780 2257 2847 do-

1270 2886 1400 2955 ctores,
1425 2886 1583 2963 tempora
1598 2877 1796 2946 defuerunt.
1847 2876 1973 2965 Qualis
1987 2880 2094 2948 suerit
2115 2879 2258 2969 opinio-

1273 2996 1358 3041 num
1375 2974 1534 3040 consusio
1549 2975 1758 3055 meministi,
1784 2990 1916 3070 quanta
1929 2978 2080 3063 inscitia,
2105 2995 2257 3071 quantae

1271 3075 1436 3143 tenebrae
1459 3073 1498 3139 in
1519 3073 1591 3143 illis
1607 3074 1712 3166 ipsis,
1737 3074 1807 3167 qui,
1824 3089 1906 3145 ante
1922 3077 2066 3165 triginta
2083 3101 2194 3148 annos
2218 3081 2258 3148 in

1271 3174 1525 3264 gubernatione
1545 3176 1807 3258 doctrinarum,
1830 3188 1999 3270 tanquam
2020 3178 2065 3246 ad
2082 3179 2258 3265 guberna-

1273 3274 1390 3344 culum
1407 3275 1585 3345 sedebant.
1629 3275 1733 3345 Nunc
1746 3301 1809 3346 oro
1824 3275 1962 3362 Deum,
1984 3292 2024 3347 ut
2037 3272 2129 3347 hanc
2144 3304 2259 3371 quan-

1272 3377 1522 3467 tulamcunque
1536 3377 1742 3448 tenuitatem
1759 3378 1940 3447 doctrinae
1963 3401 2068 3470 quam
2085 3394 2261 3450 monstra-

1274 3479 1323 3546 vit
1347 3476 1470 3559 nobis,
1494 3473 1684 3567 provehat,
1710 3492 1744 3546 et
1768 3480 1890 3561 faciat,
1921 3492 1962 3548 ut
1984 3480 2098 3548 nostri
2120 3482 2258 3552 labores
2295 3553 2304 3568 ,

1273 3578 1345 3647 sint
1368 3578 1472 3647 utiles
1489 3574 1678 3651 Ecclesiae.
1738 3574 1832 3647 Mihi
1858 3603 1922 3648 nec
1946 3580 2160 3670 voluptates,
2194 3607 2259 3653 nec

1272 3678 1483 3769 potentiam,
1509 3702 1573 3746 nec
1587 3703 1671 3770 opes
1687 3680 1855 3772 quaesiti.

1375 3767 1494 3847 Coro!
1478 3776 1553 3847 lum
1569 3781 1707 3848 laudari
1723 3805 1743 3847 a
1758 3794 1791 3849 te
1805 3782 1937 3870 placet,
1964 3782 2028 3852 etsi
2045 3784 2260 3872 asperiorem

1274 3879 1348 3948 lieri
1375 3882 1498 3952 sentio.
1556 3877 1604 3947 Et
1625 3876 1682 3948 hic
1713 3895 1907 3951 contentus
1936 3882 2011 3950 eius
2040 3883 2259 3953 soluntatern

1273 3980 1384 4068 magis
1424 3980 1627 4051 declarabit.
1691 3977 1782 4049 Nam
1817 3975 2029 4052 Granaelus
2059 3984 2130 4051 iam
2162 3984 2261 4055 venit

1281 4074 1553 4154 Wormoliom.
1611 4078 1822 4151 Secuturum
1855 4106 1928 4153 esse
1958 4084 2160 4169 dominum,
2198 4084 2263 4154 ubi

1274 4182 1408 4252 curatio
1424 4177 1549 4249 Eheni
1572 4203 1634 4249 seu
1658 4179 1808 4252 Guaiaci
1830 4185 1936 4253 fuerit
1957 4186 2136 4267 absoluta,
2159 4209 2263 4274 pror-

1276 4307 1334 4354 sus
1355 4283 1526 4352 existimo.
1566 4280 1698 4350 Verum
1714 4285 1916 4377 quicunque
1931 4298 2034 4354 erunt
2050 4284 2179 4367 exitus,
2197 4309 2262 4354 nos

1276 4384 1469 4453 necessaria
1501 4383 1723 4471 scripsimus,
1758 4409 1831 4452 non
1865 4386 2063 4475 petulanter
2097 4384 2263 4454 novimus

1275 4484 1454 4574 Rempnb.
1494 4484 1652 4552 sutilium
1690 4486 1915 4575 questionum
1960 4484 2166 4573 agitatione,
2221 4500 2262 4556 ut

1276 4580 1412 4656 Rhodii
1429 4583 1631 4652 Minervam
1647 4599 1869 4676 quaerentes,
1891 4586 2104 4654 matulamue
2121 4586 2158 4652 in
2174 4601 2265 4655 tcm-

1277 4688 1376 4777 plum
1393 4689 1436 4754 ad
1453 4684 1723 4775 Epulationern,
1748 4710 1837 4778 quae
1852 4699 1964 4754 totum
1987 4686 2082 4766 diem
2105 4687 2266 4796 durabat,

1279 4789 1408 4856 inferre
1434 4787 1572 4869 liceret,
1607 4800 1724 4876 postea
1746 4809 1868 4855 rursus
1891 4786 2171 4875 interrogarunt,
2201 4779 2266 4857 'au-

1281 4911 1422 4956 reamne
1456 4911 1502 4954 an
1537 4901 1718 4957 testaceam
1753 4887 1884 4955 inferre
1917 4888 2096 4959 deberent.
2155 4887 2264 4958 Utilia

1280 5003 1371 5058 certe
1386 4988 1632 5079 quaesivimus.
1679 4985 1878 5071 Postremo,
1904 4988 1967 5059 etsi
1983 5012 2037 5055 me
2054 5013 2194 5080 quoque
2209 5014 2266 5059 re-

1282 5113 1493 5180 sponsurum
1519 5112 1591 5156 esse
1616 5089 1807 5177 significas,
1833 5103 1951 5158 tamen
1974 5112 2092 5158 caussa
2117 5089 2162 5157 ita
2185 5114 2266 5181 per-

1283 5187 1421 5284 orata¹)
1441 5205 1525 5260 esta
1552 5204 1603 5272 te,
1635 5206 1673 5258 ut
1688 5191 1754 5256 sim
1777 5191 1938 5277 ineptus,
1972 5188 2001 5255 si
2022 5190 2108 5281 quid
2124 5192 2265 5261 adalam:

1283 5291 1315 5362 T
1319 5317 1421 5360 amen
1444 5305 1483 5359 ut
1501 5288 1556 5356 rel
1573 5290 1635 5359 tihi
1652 5314 1785 5357 morem
1808 5312 1946 5377 geram,
1971 5290 2104 5382 aliquid
2124 5316 2268 5382 compo-

1284 5417 1386 5474 nam,
1412 5414 1492 5459 cum
1516 5391 1560 5457 ab
1586 5392 1708 5458 aulicis
1732 5391 1846 5481 operis
1871 5415 1959 5483 quac
1983 5415 2037 5461 me
2053 5415 2153 5487 ¹nuuc
2176 5396 2265 5462 deti·

1296 5563 1503 5578 ...α-ο..-

1319 5646 1346 5713 3)
1366 5646 1430 5700 Mst.
1450 5656 1539 5701 tuom.

1320 5736 1350 5803 4)
1368 5734 1432 5789 Mat.
1451 5750 1526 5789 cam.

1324 5818 1355 5889 5)
1370 5826 1526 5885 perornata
1544 5825 1605 5871 mst.

1468 5888 1518 5965 45
