5325 6917
174 689 304 892 paor
392 784 394 787 ,
805 689 1242 767 aexsrotauum

233 897 341 969 mam
357 877 494 943 certum
510 885 561 940 eet
576 869 644 938 iter
656 867 755 951 solis,
781 878 851 935 tam
866 880 963 938 eerto
979 863 1230 936 existimabant

233 980 354 1048 decem
370 977 486 1045 tribus
502 970 620 1050 lsrael,
640 992 677 1038 sa
690 969 729 1037 in
745 968 964 1059 possessione
980 965 1114 1059 patriae
1128 966 1231 1035 mah-

233 1096 334 1150 suras
351 1100 436 1149 esse.
486 1071 575 1144 Erat
591 1070 687 1140 enim
708 1070 802 1141 edita
818 1070 1026 1162 promissio,
1051 1082 1087 1139 et
1106 1067 1229 1138 certis-

235 1181 335 1251 simis
357 1175 568 1250 testimoniis
591 1197 611 1243 a
626 1171 704 1243 Deo
720 1171 915 1261 obsignata.
966 1169 1043 1240 Hae
1056 1184 1174 1240 tamen
1190 1181 1231 1239 ut

235 1281 405 1366 Troiani,
438 1292 479 1349 ut
502 1274 650 1359 Heneti,
683 1288 725 1345 ut
745 1271 893 1343 Paeonii
924 1267 1061 1342 veteres
1083 1284 1117 1342 ct
1140 1271 1230 1341 aliae

235 1381 514 1455 innumerabiles
528 1391 648 1470 gentes
671 1399 798 1467 magna
811 1399 853 1445 ex
873 1388 971 1467 parte
988 1389 1074 1446 tunc
1095 1373 1229 1443 deletae

235 1499 337 1569 sunt,
364 1508 444 1553 cum
466 1484 628 1552 nondum
647 1478 800 1549 venisset
822 1477 1016 1569 promissus
1031 1474 1233 1560 Liberator,

235 1603 270 1660 et
291 1585 453 1679 reliquiis
481 1581 658 1673 dissipatis
683 1579 802 1650 coloni
825 1580 864 1648 in
894 1604 1015 1649 earum
1037 1577 1229 1670 possessio-

234 1714 317 1760 nem
332 1712 373 1758 ex
388 1687 466 1757 aliis
482 1685 644 1775 gentibus
660 1681 804 1753 deducti
818 1695 913 1755 sunt.
958 1678 1059 1769 Quae
1074 1701 1155 1771 pars
1169 1703 1229 1748 or-

234 1792 290 1863 bis
310 1805 485 1862 terrarum
507 1787 576 1856 fuit
597 1783 727 1855 cultior
749 1780 835 1852 Asia
856 1797 891 1854 et
907 1781 1082 1853 Graecia?
1131 1779 1230 1849 Haec

234 1895 299 1963 diu
314 1891 501 1984 praecipua
518 1886 698 1957 domicilia
722 1887 870 1955 fuerunt
885 1909 959 1954 non
976 1885 1092 1962 solum
1109 1883 1229 1974 litera-

234 2020 317 2066 rum
339 2008 373 2064 et
390 1990 505 2060 eivilis
526 1988 752 2079 disciplinae,
774 1990 834 2057 sed
854 1987 961 2058 etiarn
978 1983 1228 2056 Ecclesiarum.

233 2095 340 2167 Nunc
364 2088 487 2162 Asiam
518 2105 553 2162 et
575 2087 763 2160 Graeciam
782 2111 910 2178 magna
938 2114 980 2158 ex
1003 2102 1101 2180 parte
1131 2099 1227 2157 tenet

235 2219 321 2288 gens
340 2195 522 2286 peregrina
539 2207 574 2264 et
590 2191 755 2260 immanis
772 2190 943 2270 Tareina,
971 2191 1095 2260 deletis
1117 2203 1151 2258 et
1165 2211 1229 2257 ur-

233 2299 341 2368 bibus
365 2309 399 2365 et
420 2294 600 2366 Ecclesiis.
651 2291 700 2364 Et
722 2294 930 2384 impendent
945 2293 1156 2362 vastationes
1180 2290 1229 2357 si·
1262 2329 1268 2334 -

234 2400 336 2468 miles
352 2400 390 2467 in
406 2397 543 2490 reliqua
557 2393 714 2486 Europa.

336 2499 433 2570 Haec
453 2500 587 2569 excidia
611 2497 642 2566 si
657 2496 736 2588 quis
756 2495 901 2582 ignarus
917 2494 1098 2564 doctrinae
1115 2493 1228 2562 coele-

235 2602 297 2672 stis
314 2601 499 2694 adspiciat,
525 2602 694 2681 miretur,
719 2596 808 2688 quid
827 2595 969 2665 intersit
992 2597 1085 2664 inter
1101 2594 1226 2664 Eccle-

236 2704 323 2773 siam
348 2706 407 2772 dei
435 2717 468 2773 et
492 2704 586 2772 inter
610 2711 761 2769 caeteras
781 2699 919 2786 gentes,
951 2721 991 2766 ac
1014 2721 1131 2765 secum
1155 2697 1229 2786 ipse

236 2820 379 2899 querat,
410 2829 490 2875 cum
515 2805 642 2874 ruinae
670 2800 803 2870 similes
829 2800 901 2869 sint
922 2800 1084 2869 omnium
1101 2819 1229 2886 regno-

236 2932 335 2992 rum,
368 2908 458 2977 sitne
478 2929 559 2997 pars
584 2905 703 2997 aliqua
724 2897 874 2971 humani
900 2901 1037 2990 generis
1060 2900 1127 2967 deo
1150 2900 1229 2989 pla-

235 3032 336 3093 cens,
358 3023 392 3077 et
406 3032 495 3100 quae
509 3021 651 3097 regatur
672 3018 706 3074 et
720 3017 879 3073 servetur
894 3003 1087 3085 divinitus,
1113 3025 1152 3070 ae
1164 3000 1229 3070 ubi

234 3112 301 3195 sit,
327 3122 362 3179 et
382 3133 475 3202 quac
493 3109 561 3179 sit?
611 3105 678 3174 His
692 3104 973 3194 ,cogitationibus
987 3104 1117 3173 multos
1131 3126 1228 3172 nunc

235 3204 383 3306 quoque
394 3210 547 3279 exerceri
562 3207 733 3278 credibile
748 3218 819 3289 est,
838 3229 921 3275 cum
938 3207 1039 3298 quasi
1054 3206 1153 3275 fatali
1171 3206 1229 3273 in-

235 3314 360 3383 cendio
383 3313 494 3382 multa
516 3311 633 3382 vicina
658 3332 765 3398 regna
794 3306 866 3375 iarn
891 3308 1108 3397 conflagrare
1129 3308 1230 3376 vide-

235 3437 325 3487 mus.
376 3413 429 3485 Ne
452 3428 568 3484 autem
593 3426 738 3505 propter
759 3404 852 3479 hanc
867 3410 1083 3479 excidiorum
1100 3409 1229 3478 simili-

236 3518 399 3587 tudinem
424 3510 587 3586 homines
610 3513 811 3582 existiment
829 3533 911 3581 casu
925 3511 1045 3581 omnia
1059 3511 1162 3596 ferri;
1187 3535 1227 3579 ac

235 3620 372 3688 nullam
388 3632 523 3710 partem
548 3616 686 3707 generis
706 3610 854 3684 humani
876 3636 949 3683 esse
965 3627 1143 3683 aeternam
1170 3612 1228 3681 dei

233 3717 448 3805 Ecclesiam,
474 3722 559 3789 inde
574 3741 687 3811 usque
702 3720 747 3787 ab
760 3716 864 3785 initio
882 3718 968 3784 deus
983 3716 1102 3786 erudit
1123 3716 1227 3784 audi-

234 3836 328 3892 tores
348 3845 429 3891 suos
447 3846 531 3891 voce
546 3815 805 3912 Prophetarum
818 3820 863 3888 de
879 3817 1082 3886 discrimine
1098 3840 1227 3905 regno-

231 3947 311 3994 rum
329 3937 364 3994 et
378 3948 482 3992 verae
496 3920 687 3994 Ecclesiae.
727 3920 897 3991 Patefecit
914 3942 950 3988 se
963 3917 1061 3988 Deus
1077 3919 1227 3987 illustri-

233 4027 301 4096 bus
317 4024 548 4105 testimoniis,
575 4039 609 4093 et
627 4025 802 4106 ostendit,
833 4023 1013 4115 quomodo
1032 4021 1175 4110 agnosci
1194 4036 1228 4090 et

233 4117 393 4197 invocari
421 4127 518 4199 velit.
577 4124 763 4209 Testatur,
791 4147 828 4192 se
860 4123 965 4192 irasci
996 4137 1157 4215 peccato,
1193 4136 1227 4192 et

233 4254 308 4299 non
323 4230 438 4300 solum
454 4227 746 4298 comminationes
761 4225 925 4308 tradidit,
940 4228 1001 4295 sed
1018 4227 1123 4295 etiam
1137 4250 1227 4318 quo-

201 4361 207 4372 ··
233 4331 321 4401 tidie
336 4332 533 4402 tristissima
557 4330 713 4420 exempla
732 4329 892 4398 omnium
910 4324 1097 4398 hominum
1115 4327 1226 4396 oculis

234 4433 422 4523 proponit,
447 4433 561 4516 bella,
585 4431 819 4515 vastationes,
842 4454 964 4513 neces,
991 4445 1025 4498 et
1045 4430 1227 4499 calamita-

234 4548 284 4604 tes
301 4535 468 4608 inlinitas.
515 4533 655 4607 Rursus
671 4534 775 4603 etiarn
791 4533 903 4602 edidit
916 4531 1167 4624 promissiones
1183 4532 1226 4599 de

233 4637 430 4726 colligenda
460 4650 493 4707 et
513 4638 684 4707 servanda
707 4632 862 4705 Ecclesia
885 4648 1063 4727 perpetua.
1122 4631 1228 4702 Delet

234 4738 341 4827 igitur
368 4752 487 4829 gentes
516 4752 551 4807 et
581 4749 694 4807 mutat
732 4736 879 4828 imperia
912 4750 1056 4828 propter
1087 4738 1226 4805 furores

234 4840 444 4930 impiorum,
476 4839 539 4934 qui
559 4839 739 4907 emendari
762 4841 908 4924 nolunt3
944 4854 978 4908 et
998 4840 1151 4928 excerpit
1174 4853 1226 4907 ta-

233 4943 376 5011 meniu
400 4940 455 5012 his
478 4943 564 5036 ipsis
591 4941 834 5011 eversionibus
855 4943 1086 5032 imperiorum
1103 4937 1226 5010 Eccle-

234 5042 341 5125 siam,
368 5070 473 5137 quam
495 5070 556 5116 sua
581 5066 690 5112 manu
714 5042 818 5131 tegit,
845 5058 878 5113 et
900 5042 986 5111 alias
1012 5044 1098 5110 alibi
1115 5043 1225 5111 collo-

234 5156 307 5226 cat,
340 5156 374 5213 et
398 5170 488 5238 quae
522 5150 568 5217 sit
585 5148 716 5228 docet,
748 5167 874 5233 nempe
898 5169 968 5237 quo
990 5139 1224 5232 Evangelinm

233 5269 315 5314 vere
330 5246 554 5336 amplectitur
569 5262 602 5319 et
616 5260 708 5316 recte
725 5259 839 5317 sonat.

332 5346 405 5418 Nec
426 5373 510 5418 vero
532 5350 608 5419 fieri
631 5363 762 5441 potest,
789 5347 884 5440 qnin'
901 5347 1016 5416 ruinis
1032 5370 1223 5435 regnorum

232 5462 412 5541 quassatae
434 5446 609 5520 Ecclesiae
634 5454 738 5522 etiam
764 5452 901 5520 duriter
927 5451 1159 5540 adfligantur,
1186 5465 1225 5520 ut

232 5544 292 5620 hie
313 5552 388 5643 ipse
409 5551 544 5621 Hoseas
574 5554 706 5646 inquit:
742 5555 882 5622 dolores
907 5553 1135 5644 parturientis
1164 5576 1224 5620 ve-

232 5653 334 5724 nient
356 5655 398 5723 ei.
451 5653 596 5743 Quanto
621 5679 716 5726 nunc
737 5659 774 5726 in
793 5658 916 5726 dolore
940 5671 975 5726 et
996 5658 1094 5726 luctu
1116 5654 1220 5723 multi

230 5769 314 5825 sunt
336 5772 532 5849 spectantes
559 5755 729 5828 Graeciae
754 5759 980 5830 servitutem!
1035 5756 1144 5827 Fiunt
1159 5781 1222 5825 an-

229 5859 401 5945 gustiores
421 5873 455 5930 et
477 5859 711 5954 squalidiores
725 5856 912 5934 Ecclesiae.
964 5859 1036 5932 Nec
1059 5883 1124 5930 nos
1147 5860 1223 5930 sine

1299 689 1414 764 nra.
1441 684 1508 767 rx.
1564 691 1694 768 1545.
2199 699 2273 772 aaa
2333 669 2338 676 ’

1279 863 1420 954 ingenti
1441 864 1565 935 dolore
1588 864 1733 935 dissidia
1758 859 1971 938 Germanica
1992 884 2203 960 spectamus,
2236 873 2275 942 in

1283 968 1415 1060 quibus
1442 967 1487 1036 ad
1509 980 1646 1038 caetera
1665 968 1759 1038 mala
1782 980 1816 1038 et
1838 963 1906 1039 hoc
1928 971 2080 1057 accedit,
2104 987 2164 1059 ut,
2189 975 2276 1045 dum

1282 1070 1476 1139 adversarii
1506 1094 1610 1139 verae
1642 1070 1824 1142 doctrinae
1850 1072 2047 1143 multorum
2075 1075 2276 1147 voluntates

1282 1171 1458 1256 alienant,
1486 1172 1592 1240 etiam
1626 1176 1745 1241 minus
1775 1174 1896 1242 ornari
1924 1199 2007 1244 vera
2030 1171 2206 1263 Ecclesia,
2241 1190 2276 1248 et

1281 1274 1383 1343 nervi
1401 1273 1609 1365 disciplinae
1626 1274 1745 1344 minus
1767 1276 1938 1366 adstringi
1962 1290 2126 1367 possunt,
2150 1302 2276 1370 apau-

1281 1375 1438 1445 ciorihus
1459 1376 1519 1468 pia
1536 1376 1650 1446 studia
1670 1377 1854 1461 coluntur,
1885 1378 1990 1449 multi
2005 1376 2276 1473 ἐπιχαιρέκακοι

1281 1477 1462 1547 licentiam
1480 1478 1655 1547 infinitam
1673 1482 1872 1549 concedunt
1886 1480 2202 1572 impudentissimis
2216 1506 2275 1577 sy-

1280 1574 1467 1669 cophantis
1497 1593 1533 1649 et
1559 1582 1689 1650 scurris
1714 1582 1920 1651 cumulandi
1946 1579 2189 1675 blasphemias
2210 1587 2274 1653 ad-

1280 1705 1403 1750 versus
1425 1677 1559 1766 Deum,
1587 1679 1750 1776 Denique
1776 1683 1815 1752 in
1845 1686 2012 1754 omnibus
2042 1685 2274 1755 dissensioni-

1279 1782 1348 1852 bus
1363 1783 1527 1852 civilibus
1541 1806 1679 1873 semper
1695 1803 1913 1858 concurrunt
1924 1788 2029 1857 multi
2042 1810 2164 1877 graves
2176 1812 2273 1857 mor-

1280 1885 1327 1956 bi.
1382 1882 1472 1953 Vere
1488 1886 1596 1974 igitur
1611 1900 1645 1955 et
1659 1884 1817 1978 Respub.
1839 1902 1873 1958 et
1889 1890 2004 1958 bonae
2019 1903 2153 1958 mentes
2168 1889 2273 1960 susti-

1279 1999 1367 2055 nent
1391 1988 1532 2056 dolores
1566 1989 1698 2056 similes
1729 1991 2015 2080 parturientium.
2076 1989 2194 2085 Quare
2226 2015 2273 2061 ne

1279 2089 1484 2176 frangamur
1510 2090 1753 2180 desperatione
1774 2108 1918 2183 propter
1939 2116 2133 2183 regnorum
2151 2093 2274 2163 ruinas

1280 2203 1315 2259 et
1340 2190 1567 2261 dissidiorum
1592 2215 1797 2277 aerumnas,
1822 2219 1922 2286 saepe
1945 2196 2073 2286 repetit
2087 2197 2174 2265 deus
2189 2220 2274 2288 pro·

1279 2292 1484 2361 missionem
1512 2295 1556 2362 de
1579 2297 1749 2364 servanda
1766 2292 1943 2376 Ecclesia,
1968 2309 2010 2365 ut
2024 2300 2119 2388 apud
2131 2293 2274 2367 Esaiam

1279 2394 1412 2485 inquit:
1441 2391 1508 2463 hoc
1522 2398 1648 2466 foedus
1662 2422 1779 2467 meum
1796 2423 1876 2467 cum
1898 2399 1965 2483 eis,
1991 2400 2077 2469 dicit
2094 2400 2273 2483 dominus,

1279 2496 1424 2587 spiritus
1440 2521 1538 2565 meus
1555 2498 1617 2590 qui
1633 2500 1736 2567 estin
1752 2513 1805 2584 te,
1829 2514 1863 2569 et
1877 2503 1984 2570 verba
2002 2526 2078 2571 mea
2096 2525 2187 2594 quae
2205 2524 2273 2592 po-

1279 2598 1335 2665 sui
1359 2599 1397 2665 in
1420 2622 1480 2666 ore
1501 2611 1582 2683 tuo,
1608 2622 1683 2669 non
1706 2604 1869 2671 recedent
1890 2603 1935 2672 ab
1950 2627 2011 2672 ore
2028 2616 2110 2687 tuo,
2137 2626 2202 2671 nec
2227 2603 2273 2670 ab

1279 2720 1341 2766 ore
1356 2700 1498 2768 seminis
1523 2700 1594 2784 tui,
1620 2703 1785 2794 usquein
1800 2693 2065 2794 sempiternum.
2116 2700 2193 2772 Hac
2208 2725 2275 2773 nos

1278 2800 1482 2869 dulcissima
1499 2803 1741 2873 consolatione
1758 2818 2012 2887 sustentemus,
2033 2819 2066 2875 et
2083 2829 2275 2897 speremus,

1277 2925 1482 2970 mansuram
1506 2925 1579 2971 esse
1593 2899 1787 2973 Ecclesiam
1803 2906 1861 2975 dei
1883 2931 1958 2976 non
1973 2908 2088 2978 solum
2102 2909 2197 2977 inter
2216 2931 2275 2978 re-

1278 3025 1430 3092 gnorum
1443 3005 1583 3088 ruinas,
1604 3007 1664 3072 sed
1680 3007 1820 3076 etiamsi
1834 3009 1966 3076 fractus
1982 3010 2151 3078 illabatur
2164 3010 2274 3079 orbis.

1276 3102 1325 3175 Et
1351 3100 1417 3173 hac
1443 3129 1503 3195 spe
1525 3106 1643 3176 literas
1669 3120 1704 3175 et
1728 3108 1927 3176 doctrinam
1952 3110 2071 3177 adeo
2106 3111 2292 3179 traditam

1277 3220 1441 3276 tueamur
1456 3231 1495 3275 ac
1512 3231 1762 3298 propagemus,
1789 3234 1880 3302 quae
1895 3210 1970 3299 ipsa
1988 3209 2192 3302 ubicunque
2214 3234 2274 3278 re-

1278 3323 1331 3379 cte
1347 3322 1468 3392 sonat,
1492 3310 1542 3377 ibi
1568 3334 1648 3379 vere
1663 3309 1857 3380 Ecclesiam
1878 3312 1937 3380 dei
1954 3334 2027 3380 esse
2043 3312 2212 3396 sciamus,
2237 3325 2273 3382 et

1277 3436 1395 3481 veram
1413 3410 1675 3481 invocationem
1692 3427 1726 3483 et
1748 3414 1818 3483 alia
1835 3414 1894 3504 pia
1911 3413 2026 3481 officia
2041 3436 2275 3483 exerceamus.

1276 3512 1326 3584 Et
1351 3537 1554 3606 quanquam
1578 3517 1727 3586 deerunt
1749 3513 1923 3605 praesidia
1947 3509 2123 3595 humana,
2156 3529 2275 3586 tamen

1276 3639 1296 3683 a
1310 3614 1387 3684 Deo
1399 3629 1541 3684 aeterno
1557 3632 1656 3706 patre
1672 3618 1810 3685 domini
1826 3609 1941 3686 nostri
1957 3615 2035 3686 Iesu
2046 3611 2193 3701 Chr’mti,
2211 3618 2274 3711 qui

1277 3740 1313 3785 se
1328 3717 1432 3786 editis
1447 3731 1500 3787 tot
1516 3719 1811 3808 promissionibus
1827 3719 2005 3810 patefecit,
2030 3719 2274 3789 defensionem

1280 3834 1440 3910 petamus
1460 3832 1494 3888 et
1509 3835 1738 3909 expectemus.

1371 3920 1422 3990 Ut
1442 3934 1559 3989 autem
1587 3916 1708 3989 dehis
1738 3920 1899 3989 maximis
1922 3920 2045 4004 rebus,
2080 3922 2123 3989 de
2147 3921 2274 3990 discri-

1276 4022 1373 4089 mine
1389 4021 1621 4112 imperiorum
1643 4035 1677 4091 et
1692 4019 1870 4091 Ecclesiae
1891 4023 1967 4108 dei,
1994 4024 2185 4107 decausis,
2210 4047 2274 4092 cur

1276 4119 1372 4191 Deus
1389 4123 1537 4213 imperia
1553 4138 1587 4193 et
1611 4138 1701 4194 totas
1717 4138 1835 4213 gentes
1850 4126 1981 4206 deleat,
2008 4126 2055 4194 de
2072 4127 2179 4196 modo
2198 4148 2273 4195 ser-

1277 4226 1414 4294 vandae
1431 4223 1627 4310 Ecclesiae,
1652 4230 1696 4296 de
1712 4228 1916 4297 discrimine
1932 4251 2034 4296 verae
2042 4224 2223 4314 Ecclesiae
2238 4240 2273 4297 et

1277 4340 1396 4395 coetus
1412 4329 1601 4418 pontificii,
1626 4330 1689 4422 qui
1709 4329 1777 4399 sibi
1795 4344 1939 4421 propter
1961 4351 2109 4415 regnum
2133 4340 2273 4416 arrogat

1278 4451 1410 4496 nomen
1427 4426 1624 4515 Ecclesiae,
1648 4435 1692 4499 de
1709 4455 1791 4498 vera
1800 4429 1868 4498 Dei
1883 4431 2124 4515 invocatione,
2151 4432 2195 4499 de
2210 4454 2273 4498 ve·

1276 4530 1325 4598 ris
1349 4531 1523 4615 cultibus,
1549 4536 1594 4601 de
1618 4534 1670 4601 ira
1692 4535 1748 4601 dci
1769 4548 1802 4603 et
1814 4532 2125 4612 reconciliatione,
2151 4534 2196 4600 de
2212 4555 2271 4600 ae-

1276 4633 1386 4702 ternis
1404 4635 1526 4724 poenis
1545 4647 1579 4703 et
1598 4635 1762 4726 praemiis
1778 4659 1843 4703 nos
1859 4647 1951 4703 recte
1965 4636 2189 4719 erudiamus,
2204 4634 2273 4722 legi

1276 4730 1537 4826 Prophetarum
1560 4750 1595 4806 et
1610 4734 1864 4827 Apostolorum
1888 4737 2016 4827 scripta
2034 4737 2120 4805 deus
2136 4735 2272 4826 praeci-

1277 4837 1339 4926 pit.
1392 4839 1444 4906 Ac
1462 4839 1662 4906 dulcissime
1685 4840 1818 4908 dictum
1838 4851 1888 4908 est
1906 4838 1943 4905 in
1959 4837 2119 4907 Psalmo:
2147 4839 2186 4905 in
2203 4834 2272 4905 Ec-

1277 4938 1392 5006 clesiis
1426 4940 1624 5009 benedicite
1657 4940 1835 5025 Domino,
1874 4943 1918 5007 de
1957 4941 2117 5010 fontibus
2143 4938 2273 5012 lsrael.

1276 5038 1496 5111 Deducimur
1518 5045 1562 5109 ad
1581 5045 1696 5111 fontes
1715 5042 1843 5124 lsrael,
1869 5043 1904 5109 id
1923 5057 1990 5126 est,
2016 5045 2060 5111 ad
2076 5036 2272 5131 Prophetas

1276 5156 1309 5211 et
1330 5139 1541 5233 Apostolos,
1574 5141 1629 5212 Ex
1652 5140 1708 5212 his
1732 5141 1874 5213 haurire
1898 5145 2062 5213 iubemur
2083 5168 2204 5213 veram
2227 5145 2271 5211 ele

1276 5245 1342 5312 deo
1366 5247 1584 5328 doctrinam,
1617 5243 1675 5315 Ab
1695 5242 1750 5314 his
1775 5247 1984 5313 discendum
2013 5262 2081 5330 est,
2116 5247 2196 5339 quis
2227 5243 2273 5314 sit

1275 5371 1357 5415 vere
1382 5350 1487 5429 deris,
1521 5360 1554 5415 et
1577 5351 1756 5439 quomodo
1780 5348 2000 5416 invocandus
2023 5351 2086 5431 sit,
2119 5347 2272 5440 quaesit

1275 5471 1357 5515 vera
1380 5448 1438 5515 dei
1456 5446 1635 5534 Ecclesia,
1673 5464 1706 5519 et
1730 5452 1909 5543 quomodo
1936 5465 2077 5537 regatur
2097 5462 2131 5517 et
2153 5472 2272 5518 serve-

1274 5565 1344 5622 tur.
1370 5545 1541 5619 Amemus
1559 5553 1668 5642 igitur
1684 5548 1748 5620 hos
1763 5553 1877 5622 fontes
1892 5551 2017 5635 lsrael,
2037 5551 2156 5642 eisque
2172 5552 2271 5619 frua-

1273 5677 1375 5738 mur,
1395 5678 1460 5722 nec
1484 5657 1727 5745 permittamus
1752 5653 1889 5743 ignavi,
1910 5669 1950 5724 ut
1965 5654 2122 5722 obiectae
2139 5653 2184 5722 ab
2202 5652 2272 5719 im-

1273 5754 1342 5848 piis
1362 5757 1475 5825 moles
1510 5759 1794 5837 obstruentem,
1827 5772 1888 5829 aut
1919 5756 2088 5825 iniectum
2118 5777 2269 5823 coenum

1272 5872 1475 5950 corrumpat
1503 5880 1579 5945 eos,
1613 5853 1682 5929 hoe
1706 5872 1774 5945 est,
1808 5859 2049 5953 perficiamus,
2082 5869 2122 5927 ut
2152 5868 2270 5927 extent

1936 6075 1954 6110 ,.
