5325 6917
303 611 380 727 tas
888 642 1321 723 umsrouanuu
1364 648 1483 727 cm.
1517 647 1579 728 uc.
1634 647 1761 726 1544.
2270 643 2345 722 424

310 822 365 897 De
390 845 457 913 qna
484 841 629 910 prorsus
655 842 730 887 non
757 817 911 908 impedio
928 814 1076 889 ‘Sabini
1106 820 1305 904 consilium,
1352 821 1450 891 nulla
1467 817 1622 891 hnmana
1637 847 1701 912 ope
1717 819 1832 890 sanari
1851 832 1974 909 potest.
2034 815 2199 911 Cumque
2219 820 2259 889 in
2280 816 2366 893 lroc‘

310 926 513 1016 placetque,
537 921 880 1004 utdeaocillatiat,
907 922 1106 1012 quodvult.
1165 919 1255 990 Nam
1274 921 1305 988 ei
1353 935 1450 992 tauto
1484 948 1592 992 essem
1624 948 1804 1004 moerore,
1845 922 1990 990 accessit
2024 920 2174 988 alterum
2207 923 2350 1009 vulnus,

312 1048 409 1094 nunc
442 1022 586 1115 quidem
622 1046 697 1090 non
729 1023 960 1105 adversabor,
1002 1045 1047 1089 ne
1082 1005 1195 1092 novae
1226 1022 1306 1091 lites
1353 1027 1448 1115 quod
1473 1024 1542 1090 viri
1566 1024 1692 1112 optimi
1716 1037 1749 1091 et
1772 1022 1875 1094 uobis
1899 1020 2103 1089 amicissimi
2124 1019 2351 1117 Hieronymi

313 1127 495 1207 oriantur,
536 1147 576 1191 ac
599 1121 719 1190 malim
743 1124 837 1213 apud
861 1122 968 1190 liliam
998 1145 1206 1214 puerperam
1233 1146 1306 1192 esse
1354 1120 1620 1215 Bomgartneri
1641 1123 1817 1191 calamitas
1840 1122 1945 1190 nohis
1967 1122 2067 1202 fecit,
2099 1122 2235 1216 dequo
2259 1128 2347 1219 quid

314 1228 500 1296 mulierem
532 1218 753 1292 humanitate
784 1224 903 1315 aliqua
928 1236 1075 1293 naturae
1101 1225 1306 1315 praeditam,
1354 1226 1408 1294 vel
1424 1225 1580 1315 consilii,
1612 1224 1668 1293 vel
1681 1224 1755 1314 spei
1770 1224 1861 1291 cives
1875 1223 1982 1291 vestri
1996 1218 2167 1309 habeant,
2198 1249 2348 1318 magno-

316 1352 423 1422 quam
445 1325 664 1394 barbaricam
687 1319 751 1394 καὶ
772 1321 970 1422 ἄστοργον.
1352 1350 1434 1419 pere
1457 1327 1560 1416 cupio
1584 1325 1683 1419 scire.
1735 1322 1809 1393 Nos
1830 1346 1897 1415 qua
1922 1337 2020 1414 parte
2042 1324 2154 1393 nostri
2174 1324 2348 1417 opitulari

418 1426 471 1496 De
486 1415 736 1517 Cobnrgensis
752 1421 890 1495 scholae
910 1428 1163 1515 gubernatore,
1189 1450 1232 1497 co
1248 1425 1307 1493 ni·
1354 1430 1387 1497 ei
1408 1427 1619 1519 possumus?
1677 1422 1794 1496 Deum
1822 1438 2006 1494 aeternum
2030 1423 2170 1510 Patrem
2195 1426 2347 1507 Domini

317 1526 371 1599 hil
393 1529 567 1615 agendum
592 1539 672 1615 post
692 1541 794 1597 tuum
815 1528 949 1597 abitum
973 1530 1114 1613 censui,
1146 1528 1229 1620 quia
1245 1523 1307 1598 Si-
1353 1528 1468 1600 nostri
1482 1526 1563 1599 lesu
1576 1522 1710 1599 Christi
1725 1552 1810 1607 οπο,
1844 1540 1884 1595 ut
1902 1525 2100 1598 eumvohis
2115 1541 2151 1597 et
2165 1529 2344 1604 uobisse-

318 1652 402 1698 mon
425 1629 485 1695 ille
500 1620 767 1724 Lichteselsins
783 1629 900 1698 statim
915 1621 1035 1721 postea
1050 1630 1207 1721 scripsit,
1238 1628 1306 1697 sibi
1353 1631 1485 1703 stituat.

316 1743 434 1824 partes
457 1730 576 1798 nescio
601 1752 688 1820 quas
713 1728 752 1796 in
775 1725 895 1800 schola
916 1732 1098 1799 mandatas
1115 1754 1208 1814 esse,
1243 1731 1306 1799 etsi
1455 1729 1573 1820 Quem
1586 1753 1772 1823 possumus
1787 1727 1970 1798 nominare
1984 1727 2113 1798 ullain
2125 1730 2214 1800 urbe
2229 1731 2347 1803 civem

317 1846 360 1902 ut
380 1844 432 1900 est
451 1824 702 1925 μεμψίμοιρος
724 1841 759 1900 et
779 1831 964 1916 delicatus,
997 1832 1160 1925 queritur
1173 1832 1307 1923 stipeo-
1355 1835 1403 1904 sic
1424 1832 1590 1903 meritum
1613 1834 1657 1902 de
1672 1829 1763 1923 Rep.
1781 1831 1819 1898 in
1836 1830 1936 1898 omni
1952 1851 2079 1919 genere
2092 1833 2349 1919 negociorum?

318 1934 419 2010 dium
433 1956 506 2001 esse
519 1930 671 2014 tenuius,
689 1955 794 2023 quam
811 1946 982 2025 quantum
997 1933 1200 2023 expectavit.
1237 1932 1306 2003 Sed
1355 1934 1501 2005 Summa
1533 1935 1602 2003 fide
1634 1948 1669 2004 et
1701 1932 1889 2022 prudentia
1916 1931 2177 2002 administravit
2201 1935 2348 2025 politica

319 2034 493 2124 explorari
515 2032 680 2102 voluntas
696 2029 978 2122 Coburgensium
1002 2034 1150 2126 poterit,
1182 2058 1228 2104 an
1247 2058 1307 2102 ve·
1353 2059 1513 2106 munera.
1572 2034 1678 2106 Fovit
1694 2032 1887 2103 Ecclesiam
1902 2028 1985 2118 Dei,
2019 2032 2111 2101 iuvit
2129 2036 2248 2105 studia
2265 2036 2348 2107 lite-

318 2136 388 2204 lint
404 2134 499 2204 mitti
517 2129 656 2203 scholae
671 2134 954 2224 gubernatorem.
1354 2133 1494 2221 rarum,
1525 2136 1611 2207 texit
1627 2137 1720 2206 cives
1734 2156 1921 2227 pauperes,
1953 2128 2141 2203 abhorruit
2155 2158 2175 2204 a
2192 2136 2348 2210 factiosis

420 2222 601 2304 Carnium
623 2232 873 2330 Imperatorem
896 2236 1091 2305 discessisse
1107 2232 1210 2326 Spica
1233 2257 1309 2303 cer·
1355 2238 1532 2324 consiliis,
1564 2238 1700 2308 nullam
1723 2238 1791 2307 sibi
1814 2234 2007 2328 potentiam
2030 2236 2224 2327 quaesivit,
2254 2235 2347 2310 nihil

317 2352 395 2408 tum
424 2349 493 2417 est,
534 2350 569 2407 et
599 2333 820 2429 catastrophe
852 2342 1064 2423 comendis,
1101 2333 1170 2406 Dei
1201 2336 1309 2404 bene·
1355 2334 1592 2437 ὀλιγαρχικὸν
1616 2334 1752 2409 habuit.
1815 2335 1998 2407 Praeterea
2022 2336 2224 2408 eruditione
2250 2353 2350 2414 tanta

317 2438 416 2523 ficio,
442 2438 581 2530 placida
600 2437 680 2513 fuit.
719 2431 889 2534 λιόφησιν
911 2439 1018 2509 edicti
1034 2434 1236 2528 Augustani
1255 2437 1309 2507 fa·
1355 2442 1535 2533 praeditus
1556 2454 1624 2528 est,
1644 2442 1694 2516 ‚u't
1714 2438 1837 2525 nobis,
1868 2437 1989 2532 quiin
2005 2432 2136 2513 Schola
2154 2462 2349 2529 versamur,

317 2533 409 2611 ctam
430 2562 504 2608 esse
530 2539 703 2629 intelligo.
768 2537 818 2611 Et
840 2552 988 2609 namant
1006 2540 1204 2610 orationem
1234 2534 1277 2610 V
1273 2561 1307 2606 e·
1354 2543 1459 2632 longe
1492 2542 1695 2626 antecellat,
1742 2554 1777 2611 et
1809 2539 2019 2610 domesticae
2051 2538 2198 2610 virtutes
2225 2542 2268 2612 in
2301 2569 2346 2614 eo

317 2637 468 2731 ningerr'
480 2640 589 2709 fuisse
603 2637 747 2730 dignam
762 2641 840 2710 viro
855 2641 959 2728 sorti,
990 2640 1054 2735 qui
1072 2663 1139 2733 pro
1159 2633 1226 2709 hac
1239 2637 1310 2709 Ca·
1355 2668 1477 2714 omnes
1498 2656 1601 2729 sunt,
1634 2666 1724 2736 quae
1746 2643 1843 2712 bono
1872 2641 1950 2711 viro
1978 2641 2220 2712 attribuendae
2247 2659 2341 2719 sunt

315 2741 387 2810 roli
408 2741 628 2829 mitigatione
652 2740 741 2810 dixit
764 2744 931 2812 adversus
953 2741 1161 2831 Mogontini
1190 2754 1310 2810 orato·
1354 2743 1537 2814 Postremo
1553 2740 1641 2813 mihi
1657 2745 1706 2815 sic
1720 2758 1771 2814 est
1785 2743 1934 2828 amicus,
1958 2755 2088 2812 utnon
2102 2741 2219 2813 miuus
2233 2770 2341 2837 quam

315 2865 404 2915 rem.
456 2838 553 2910 Bene
575 2855 610 2912 et
632 2841 782 2912 feliciter
799 2844 887 2912 vale.
939 2842 1036 2913 Tuas
1053 2842 1188 2913 litteras
1205 2865 1309 2933 expe·
1354 2847 1499 2915 fratrem
1521 2846 1741 2935 diligendum
1763 2836 1962 2915 iudicarim.
2011 2839 2060 2913 Et
2078 2842 2186 2912 dilexi
2207 2848 2344 2937 praeci-

317 2956 393 3027 eto,
419 2954 453 3011 et
469 2938 584 3012 Deum
603 2967 685 3029 oro,
710 2956 751 3013 ut
765 2957 799 3014 te
816 2956 852 3014 et
865 2956 945 3013 tuos
961 2956 1093 3029 servet,
1123 2967 1163 3012 ac
1178 2938 1309 3011 Hiero-

289 3073 292 3080 ’
315 3067 425 3138 nymo
443 3040 583 3114 etmihi
599 3059 737 3116 nostras
752 3045 967 3116 calamitates
983 3045 1130 3134 mitiget.
1157 3044 1216 3113 die
1231 3040 1308 3117 lolr.

315 3142 505 3238 Baptistae.

974 3241 1067 3322 Phil.
1082 3241 1258 3316 Melanth.

315 3456 317 3459 .
419 3383 834 3478 GeorgiumDaschium
849 3393 985 3463 misisse
999 3394 1069 3465 iarn
1083 3409 1221 3467 nostras
1233 3396 1309 3486 epi-

314 3494 422 3566 stolas
442 3493 486 3560 ad
510 3484 832 3583 Merspurgensent
858 3490 1064 3565 Antistitem
1082 3492 1121 3591 ⁴¹)
1145 3498 1308 3567 arbitror.

315 3592 450 3684 Scripsi
472 3614 513 3661 ea
533 3613 624 3685 quae
644 3591 844 3690 arbitrabar
864 3617 1005 3664 caussae
1023 3599 1209 3686 profutura
1224 3623 1308 3669 esse.

314 3694 369 3772 Ac
399 3706 589 3764 venturum
617 3713 690 3761 esse
715 3694 817 3762 brevi
843 3695 888 3764 ad
912 3718 977 3764 nos
998 3694 1306 3790 Merspurgensern

314 3794 523 3869 Antistitem
556 3792 690 3879 audio,
738 3794 802 3866 ubi
837 3820 955 3866 coram
992 3797 1089 3867 idem
1120 3801 1306 3889 negocium

314 3921 425 3989 agam

1251 4035 1290 4064 η’

312 4233 378 4308 Νο.
393 4232 508 4309 2970.

318 4329 489 4364 m

1134 4243 1307 4361 ase

648 4411 700 4503 V.
733 4381 978 4500 Theodoro.
1076 4481 1083 4487 -

380 4576 465 4701 [ipate
477 4577 538 4718 1qu
533 4576 623 4698 1ζῶ
632 4576 683 4631 198
690 4596 749 4650 sqq.
767 4609 804 4623 -
834 4578 892 4678 llic
902 4598 932 4634 er
945 4580 1112 4653 autographo
1125 4581 1154 4637 in
1166 4584 1305 4640 codMo·

332 4761 414 4872 ID.
444 4798 487 4875 V
488 4800 556 4871 ito
576 4793 842 4885 Theodoro,
879 4798 1023 4875 docenti
1042 4802 1192 4901 anng.
1215 4806 1254 4877 in

632 4897 773 4972 Eccles.
790 4899 989 4998 Noriberg.

307 5017 352 5108 S.
374 5039 418 5114 I).
471 5037 578 5127 Quod
593 5035 631 5105 in
646 5036 707 5106 illa
721 5036 837 5128 prima
860 5036 1029 5107 concione
1049 5041 1301 5111 denunciatum

306 5153 375 5225 est,
399 5133 581 5209 insidiari
590 5134 802 5208 Diabolum
818 5134 990 5208 calcaneo
1003 5148 1147 5221 nostro,
1171 5143 1208 5212 id
1224 5132 1299 5211 fieri

305 5243 489 5326 atrociter,
529 5240 739 5331 experimur.
787 5231 877 5311 'sed
902 5238 1036 5312 Filium
1056 5239 1124 5313 Dei
1149 5250 1303 5329 oremus,

304 5358 347 5416 ut
361 5357 465 5435 caput
489 5341 708 5412 insidiatoris
723 5342 918 5417 conculcet.

405 5439 501 5516 Mihi
527 5444 658 5513 vulnus
680 5444 763 5515 lecit
783 5458 866 5515 ante
891 5455 1021 5535 paucos
1042 5469 1180 5515 menses
1203 5446 1294 5517 {iliae

303 5547 498 5631 calamitas,
522 5544 579 5614 vel
593 5544 712 5636 potins
727 5550 796 5617 τοῦ
808 5544 989 5644 γαμβροῦ
1003 5548 1165 5633 saevitia,
1195 5553 1289 5641 quod

335 5799 365 5871 a)
385 5800 448 5858 Vid.
460 5817 502 5871 ep.
515 5801 543 5858 d.
553 5801 598 5857 at.
610 5803 672 5858 lun.

1354 2971 1423 3039 pue
1439 2961 1583 3039 propter
1597 2947 1708 3037 ipsius
1722 2943 1962 3016 Excellentem
1977 2942 2166 3018 virtutem·

1348 3110 1351 3114 .
1456 3046 1563 3118 llunc
1585 3048 1690 3118 talem
1709 3046 1827 3115 virum
1850 3060 1885 3116 et
1904 3045 2078 3132 amicum,
2102 3058 2175 3115 tam
2195 3045 2344 3138 indigno

1355 3150 1574 3220 casunenire
1588 3148 1628 3217 in
1643 3147 1834 3219 discrimen
1847 3169 2044 3234 summum,
2074 3170 2149 3217 non
2168 3148 2347 3219 dolerem?

1355 3247 1466 3343 Spero
1487 3250 1670 3344 equidem,
1707 3245 1824 3319 Deum
1845 3249 2025 3338 custodem
2050 3248 2125 3320 eius
2143 3251 2243 3336 sore,
2284 3253 2346 3345 qui

1354 3351 1421 3438 ait,
1453 3364 1495 3423 ut
1510 3352 1682 3444 pupillam
1700 3350 1814 3436 oculi,
1843 3349 1892 3420 ita
1909 3374 1946 3420 se
1961 3349 2110 3421 Sanctus
2120 3371 2206 3427 ,suos
2226 3366 2346 3426 custo-

1355 3452 1450 3538 dire,
1473 3468 1507 3523 et
1521 3466 1562 3524 ut
1577 3453 1770 3535 custodiat,
1796 3476 1871 3525 oro.
1928 3450 2002 3522 Sed
2016 3451 2211 3545 periculum
2229 3478 2345 3546 quan-

1354 3548 1508 3639 tumsit,
1533 3562 1670 3645 reputo.

1455 3654 1598 3738 Scribe,
1630 3678 1778 3749 quaeso,
1810 3652 1981 3748 quicquid
1999 3655 2182 3745 explorare
2202 3658 2345 3747 poteris.

1353 3752 1378 3837 †
1403 3753 1585 3827 Postremo
1601 3770 1635 3827 et
1649 3752 1717 3826 hoc
1732 3780 1806 3825 oro.
1856 3753 1968 3825 Debet
1986 3752 2137 3824 Alberto
2152 3781 2345 3844 oeconomo

1354 3857 1494 3948 collegii
1515 3858 1629 3928 nostri
1650 3852 1805 3928 Ulrieus
1828 3850 1995 3925 Flaccus.
2044 3852 2134 3925 Eam
2159 3861 2345 3949 pecuniam
2367 3926 2368 3931 ,

1265 3993 1267 4001 ·
1354 3983 1396 4027 ex
1417 3960 1612 4050 stipendio,
1644 3959 1741 4051 quod
1760 3958 1887 4051 pendit
1908 3952 2094 4029 Nicolnus
2116 3953 2232 4027 Eirer
2252 3961 2344 4029 solvi

1266 4075 1271 4086 ·
1354 4083 1471 4145 cures;
1503 4084 1543 4130 ae
1565 4062 1761 4131 cavendum
1782 4075 1850 4143 est,
1879 4083 1924 4128 ue
1944 4060 2040 4153 quod
2058 4055 2206 4128 Alberto
2225 4061 2343 4132 decidi

1353 4160 1539 4246 volumus,
1571 4161 1753 4253 perveniat
1777 4161 1815 4228 in
1837 4153 1968 4229 Flocci
1989 4184 2124 4233 manus.
2181 4157 2266 4255 Non
2289 4178 2344 4233 est

1353 4262 1533 4331 moderata
1549 4275 1675 4332 natura
1691 4274 1753 4331 aut
1765 4256 1880 4355 ἠθικὴ
1898 4262 1936 4330 in
1954 4255 2085 4333 Ulrico
2097 4254 2251 4348 Flacco,
2278 4265 2344 4335 etsi

1353 4387 1372 4434 a
1388 4363 1499 4433 literis
1516 4387 1589 4433 non
1607 4359 1785 4437 abhorret.
1836 4361 1995 4453 Quaeso,
2020 4378 2061 4435 ut
2076 4358 2167 4434 hanc
2185 4387 2263 4435 rem
2277 4391 2342 4458 pro

1337 4477 1412 4535 -tua
1432 4466 1620 4558 prudentia
1642 4478 1802 4535 accurate
1823 4487 1914 4560 agas.
1978 4462 2068 4535 Nam
2092 4468 2274 4559 quomodo
2297 4468 2343 4538 sit

1351 4569 1485 4655 agenda
1501 4581 1539 4638 tu
1555 4567 1681 4637 melius
1698 4567 1855 4637 iudicare
1871 4566 2014 4657 poteris.
2037 4629 2040 4634 ,
2057 4560 2232 4662 Fortassis
2254 4569 2343 4639 faci-

1350 4666 1432 4736 lima
1448 4668 1504 4738 via
1520 4683 1625 4755 esset,
1650 4668 1679 4736 si
1698 4665 1831 4740 curaris
1849 4663 1939 4737 mihi
1955 4667 2160 4759 pensionem
2175 4670 2342 4759 stipendii

1350 4767 1462 4853 mitti,
1501 4793 1583 4838 cum
1607 4769 1698 4838 solet
1721 4767 1932 4840 numerari.”
1996 4767 2094 4839 Beue
2115 4770 2195 4840 vale
2222 4783 2256 4839 et
2281 4794 2338 4839 re-

1348 4869 1472 4941 scribe.
1523 4867 1591 4940 Die
1611 4863 1781 4939 lohannis
1799 4864 1988 4962 Baptistae.

1855 4966 2046 5065 Philippus
2061 4965 2287 5047 Melanthou.

1345 5263 1411 5338 No.
1427 5263 1542 5342 2971.

1346 5359 1522 5392 m

2164 5276 2341 5363 (seua)

2099 5395 2102 5402 ,
2163 5367 2337 5398 m

1756 5436 1927 5523 Eidem.

1408 5594 1486 5669 †Er
1507 5597 1675 5669 autographo
1694 5598 1762 5652 Mel.
1782 5598 1811 5652 in
1831 5598 1893 5652 eod·
1909 5597 2021 5656 Monac.
2036 5601 2058 5665 l,
2096 5604 2179 5658 .662.
2222 5606 2271 5659 Est
2290 5627 2337 5679 pa-

1438 5664 1509 5787 qella
1528 5668 1657 5788 epistolae
1675 5667 1708 5720 ad
1727 5666 1902 5747 Theodorum
1923 5668 2042 5750 inclusa,
2069 5622 2189 5757 idrtasae
2204 5676 2338 5758 epistolae

1437 5735 1538 5873 1,ng
1554 5754 1599 5792 un.
1619 5736 1710 5799 tots..
1734 5736 1852 5799 adiecta,
1875 5746 1906 5789 ut
1925 5737 2020 5792 Errero
2040 5752 2188 5796 monstram
2210 5746 2251 5801 rel
2273 5747 2334 5801 dare
