5325 6917
925 717 1364 811 ltets'souatttttt
1421 733 1527 810 utu.
1561 731 1644 808 tu
1683 729 1839 824 tata,x
1880 804 1883 811 χ
2343 741 2394 809 ao

456 899 569 970 Nobis
587 911 706 969 autem
728 895 904 990 profuisse
925 895 1023 981 illam
1053 897 1346 969 instaurationem
1400 898 1464 967 bus
1486 895 1703 978 adscribere,
1734 909 1775 967 ut
1798 919 1874 965 mea
1899 921 2001 968 causa
2028 900 2174 967 labores.
2225 895 2303 968 Etsi
2326 904 2393 968 ali-

358 1015 505 1074 constat.
556 998 662 1069 Tunc
684 999 779 1068 enim
804 999 843 1066 in
865 995 1004 1068 Italiam
1026 995 1156 1081 Graeci
1177 1001 1348 1089 importat·
1401 1000 1486 1092 quid
1502 996 1611 1066 studii
1627 997 1755 1064 addere
1770 1011 1803 1065 te
1820 998 1902 1068 volo
1919 1023 1994 1067 mea
2012 1023 2133 1080 causa,
2159 1002 2392 1083 tamense-ias.

357 1115 443 1173 runt
463 1100 661 1171 doctrinam
690 1099 876 1170 cultiorem
899 1092 937 1166 T
938 1097 1189 1195 ropezontius,
1222 1094 1349 1183 Gaza,
1401 1112 1539 1169 tantum
1564 1097 1635 1164 vim
1661 1096 1815 1185 ingenii,
1840 1112 1974 1168 tantam
1998 1099 2235 1170 eruditionem
2258 1098 2392 1172 Hiero-

358 1197 575 1298 Lascorus,
602 1195 869 1296 Argyropolis,
895 1193 1168 1273 Tarchoniotes
1189 1199 1351 1272 etmulti
1402 1200 1501 1293 nymi
1521 1222 1612 1282 esse,
1643 1210 1776 1268 tantam
1807 1222 1947 1269 morum
1977 1199 2200 1288 gravitatem,
2231 1213 2273 1271 ut
2299 1203 2393 1271 nulli

361 1305 435 1375 alii.
485 1301 605 1391 Quare
623 1316 656 1371 et
672 1326 738 1371 nos
757 1303 939 1371 foveamus
959 1301 1121 1392 ingenia.
1163 1299 1211 1373 Et
1232 1314 1350 1374 tamen
1402 1299 1530 1370 iustius
1576 1298 1766 1368 collaturos
1812 1323 1876 1369 vos
1921 1302 2138 1400 stipendium
2183 1300 2393 1376 existimem.

361 1407 465 1497 spero
480 1401 711 1475 Germaniam
728 1424 967 1496 repressuram
989 1426 1063 1474 esse
1079 1403 1227 1478 Turcos.
1279 1402 1351 1474 Sed
1403 1400 1536 1490 Magno
1552 1400 1620 1469 erit
1635 1413 1843 1469 ornamento
1865 1400 2001 1493 patriae
2026 1414 2169 1493 propter
2182 1400 2393 1472 Doctrinam

347 735 398 809 39

272 1500 274 1505 ’
358 1502 446 1577 haec
466 1506 563 1579 alias.

460 1635 514 1708 De
530 1633 776 1733 Hieronymo,
801 1650 973 1731 quantum
993 1652 1112 1728 potes,
1137 1636 1352 1721 contendito,
1425 1704 1434 1722 ,

361 1755 422 1820 ut,
448 1740 545 1833 quod
562 1739 734 1831 petimus,
761 1741 1000 1830 impetremus,
1025 1752 1129 1831 teque
1145 1738 1352 1822 existimato,

362 1835 453 1910 mihi
468 1864 543 1910 rem
559 1841 795 1931 gratissimam
809 1841 983 1911 facturum
999 1862 1092 1923 esse,
1117 1839 1148 1907 si
1161 1835 1254 1908 hanc
1270 1862 1352 1907 cau-

363 1964 437 2011 sam
465 1941 662 2030 diligenter-
682 1955 717 2011 et
744 1932 935 2021 συντόνως
963 1935 1027 2011 καὶ
1057 1937 1210 2020 ἐκτενῶς
1229 1940 1352 2031 egeris.

363 2039 462 2130 Bene
478 2044 566 2117 vale.
616 2039 685 2114 Die
703 2044 762 2118 ts.
777 2041 883 2118 Febr.

813 2149 814 2152 Ἴ
874 2169 1063 2266 Philippus
1078 2166 1301 2243 Melantbon.

365 2360 482 2377 Μ

360 2486 427 2559 Νο.
440 2485 553 2563 2640.

367 2582 539 2616 Nm

1200 2452 1353 2560 1'8.Febr.

1198 2580 1339 2611 w

630 2666 689 2785 Η.
719 2666 1082 2781 Boumgortnero.

429 2846 514 2918 Epist.
534 2845 582 2901 lib.
596 2846 644 2903 vl.
663 2864 691 2916 p.
702 2846 753 2899 tot
766 2864 825 2918 sqq.
848 2876 884 2889 —
924 2846 977 2913 tlte
993 2862 1024 2899 ex
1043 2841 1210 2914 autographo
1231 2842 1260 2895 in
1280 2841 1352 2896 Cod.

465 2915 577 2971 Monac.
588 2914 611 2968 l.
626 2933 653 2985 p.
668 2914 713 2974 82.
932 2961 936 2965 .

361 3065 522 3147 Clariss.
537 3082 570 3142 et
585 3070 722 3167 optimo
737 3071 826 3153 viro,
851 3067 958 3144 1211
964 3070 1090 3141 ieron
1097 3091 1199 3163 ymo
1213 3064 1352 3138 Boni-

411 3182 656 3270 garnero,
681 3166 857 3243 Senolo‘ri
875 3167 1074 3264 Noriberg.
1094 3193 1162 3239 suo
1182 3168 1301 3239 amico

793 3295 923 3370 cnrsss.

360 3384 406 3477 S.
417 3414 419 3416 ’
430 3402 474 3478 D.
525 3399 603 3474 Etsi
616 3402 771 3485 arbitror
781 3402 847 3472 tibi
861 3414 988 3493 notum
1003 3424 1076 3470 esse
1084 3396 1351 3493 Hieronymum

364 3499 572 3585 Sehreiber,
600 3517 716 3573 tamen
738 3503 769 3571 si
792 3505 835 3572 de
858 3501 934 3573 eius
956 3502 1116 3591 ingenio,
1141 3501 1352 3587 eruditione,

356 3606 533 3695 'gravitate
553 3628 694 3675 morum
719 3617 824 3675 testes
845 3602 1015 3694 requiris,
1045 3604 1168 3672 audire
1191 3595 1360 3671 Scione·

366 3731 446 3799 ¹rum
471 3720 506 3776 et
532 3702 575 3777 V
571 3704 663 3774 itum
691 3705 836 3796 poteris.
892 3702 1003 3773 Plane
1033 3704 1082 3773 ita
1113 3705 1252 3788 iudico,
1280 3728 1351 3794 nec

365 3808 542 3878 dexterius
557 3807 740 3895 ingenium
756 3806 795 3874 in
811 3799 878 3876 hae
894 3800 1014 3875 schola
1038 3827 1132 3897 esse,
1154 3829 1219 3878 nee
1236 3804 1350 3874 ullum

366 3933 407 3977 ex
428 3906 692 3978 Professoribus
714 3907 909 3977 doctiorem
933 3929 1007 3975 esse
1027 3906 1066 3974 in
1090 3918 1164 3976 tota
1185 3900 1349 3975 Philoso-

363 4004 459 4099 phia.
510 4007 642 4079 Scribit
657 4008 808 4079 solutam
825 4007 1039 4090 orationem,
1060 4018 1094 4076 et
1114 4030 1255 4076 eamren
1275 4009 1351 4076 soe-

362 4099 494 4199 liciter,
526 4123 622 4180 tenet
643 4103 878 4192 Mathemata‚
911 4121 947 4178 et
966 4101 1202 4198 Philosophos
1231 4129 1353 4197 graece

363 4209 448 4300 legit
463 4210 633 4303 expedite.
684 4208 847 4302 Cumque
868 4208 940 4277 iam
962 4209 1006 4277 de
1025 4203 1275 4276 Mathematica
1298 4209 1351 4278 le-

278 4343 289 4367 .
310 4381 312 4384 ,
364 4313 480 4383 ctione
494 4307 553 4382 hie
569 4312 843 4394 deliberaretur,
872 4309 977 4380 multi
992 4313 1069 4377 eam
1083 4308 1245 4377 mandari
1260 4303 1352 4377 Hie-

264 4454 266 4458 ·
365 4436 518 4506 ronymo
534 4414 733 4505 cupiebant·
783 4409 854 4482 Sed
877 4409 967 4479 alter
990 4408 1077 4479 civis
1096 4423 1211 4479 vester
1225 4404 1351 4505 Eros-

362 4537 444 4584 mus
460 4506 620 4582 Flaccus
635 4511 760 4603 petivit
774 4510 858 4582 satis
870 4505 1012 4595 sedulo,
1036 4524 1070 4581 et
1093 4510 1150 4578 vel
1171 4510 1253 4604 quia
1274 4536 1351 4582 ma-

362 4615 415 4705 'gis
431 4626 524 4702 eget,
544 4611 602 4680 vel
615 4612 699 4705 quia
716 4610 873 4679 studium
890 4610 1016 4678 adfinis
1033 4605 1200 4694 habebat,
1226 4612 1351 4682 lectio·

355 4738 442 4805 ‚nem
469 4712 636 4786 obtinuit.
684 4710 777 4783 Cum
806 4723 923 4779 autem
950 4705 1200 4803 Hieronymus
1232 4713 1351 4803 cupiat

361 4814 561 4886 studiorum
577 4820 678 4883 causa
696 4809 923 4904 peregrinari,
952 4824 988 4881 et
1002 4809 1257 4901 patrimonium
1273 4836 1351 4882 sus-

325 4970 334 4982 .
361 4905 475 4987 tinere
499 4917 658 5006 sumptus
689 4911 824 4982 diutius
843 4934 916 4980 non
938 4912 1066 5000 possit,
1099 4926 1193 4997 orat,
1224 4924 1264 4981 ut
1285 4915 1350 4982 sti-

1404 1497 1709 1585 Mathematieam,
1732 1514 1875 1592 propter
1890 1526 1997 1595 quam
2011 1502 2132 1573 civitas
2149 1516 2263 1574 vestra
2276 1507 2394 1574 omni-

1404 1604 1472 1673 bus
1488 1597 1765 1673 eruditisc'arior
1784 1614 1848 1675 est.
1899 1599 2022 1690 Quid?
2053 1605 2150 1697 quod
2171 1627 2286 1674 mores
2309 1621 2394 1676 sunt
2474 1607 2483 1616 “

1404 1704 1600 1789 etusmodi,
1635 1714 1677 1772 ut
1699 1701 1812 1789 civem
1834 1724 1992 1792 gravem,
2032 1717 2067 1773 et
2087 1705 2235 1794 dignum
2259 1706 2395 1797 patriae

1403 1806 1479 1875 fore
1503 1804 1667 1876 iudicem.
1724 1791 1874 1896 Propter
1906 1799 1969 1873 has
1990 1828 2111 1875 causas
2131 1800 2222 1874 mihi
2246 1830 2327 1876 cum
2351 1832 2392 1875 eo

1404 1905 1556 1976 amicitia
1586 1916 1662 1989 est,
1708 1926 1798 1996 quae
1830 1903 1968 1974 utinam
1998 1907 2110 1997 possit
2140 1907 2172 1974 ei
2206 1907 2391 1997 prodesse!

1404 2005 1578 2095 Magnum
1592 2027 1650 2072 me
1665 2003 1875 2073 beneficium
1891 2007 2063 2096 accepisse
2077 2007 2140 2077 abs
2158 2019 2191 2077 te
2213 2007 2392 2092 iudicabo,
2471 2016 2474 2023 '

1405 2108 1435 2176 si
1456 2106 1697 2199 Hieronymus
1725 2103 1944 2195 impetrabit,
1975 2109 2069 2199 quod
2097 2108 2267 2198 petimus,
2285 2122 2335 2178 et
2354 2123 2395 2179 tu

1406 2207 1578 2297 intelliges
1592 2205 1808 2295 stipendium
1824 2197 2058 2277 inhominem
2081 2208 2303 2301 ingeniosum
2320 2209 2392 2295 uti-

1405 2309 1488 2378 liter
1516 2308 1727 2378 collocatum
1755 2328 1840 2381 esse.
1899 2306 1996 2378 Bene
2020 2307 2109 2382 vale.
2142 2309 2201 2379 die
2226 2309 2286 2385 13.
2308 2307 2394 2381 Feb.

1409 2407 1534 2518 15,43.ικ

1912 2520 2101 2618 Philippus
2117 2519 2342 2599 Melantbon.
2379 2601 2385 2609 ,

2111 2721 2394 2757 fi-*l-——nu-

1404 2881 1471 2954 No.
1492 2884 1606 2961 2641.

1404 2983 1613 3022 Μ

2224 2900 2277 2961 16.
2294 2892 2381 2955 Febr.

1663 3065 1847 3181 Georgio
1875 3066 2134 3153 Anboltin'o

1472 3240 1541 3296 Met.
1561 3243 1651 3300 select.
1665 3243 1750 3318 Epist.
1769 3245 1872 3323 pm.
1906 3247 2010 3305 lterum
2029 3247 2058 3303 in
2071 3247 2141 3321 Epp.
2162 3248 2211 3303 lib.
2224 3248 2246 3304 1.
2263 3250 2325 3311 102,
2338 3250 2393 3317 (ed.
2498 3323 2502 3329 ¹

1493 3310 1623 3368 'boudin
1638 3313 1659 3369 l.
1672 3332 1698 3385 p.
1707 3314 1764 3384 49.)

1535 3463 1591 3540 D.
1616 3462 1791 3564 Georgi
1798 3495 1820 3543 o
1843 3451 2014 3569 Principi
2028 3467 2260 3550 Antaldtno.

1402 3580 1447 3670 S.
1473 3596 1519 3674 D.
1575 3602 1657 3674 Scio
1678 3602 1718 3678 C.
1743 3602 1788 3674 Τ.
1813 3628 1916 3695 saepe
1941 3607 1986 3675 de
2017 3608 2230 3678 tumultibus
2262 3604 2392 3678 trorum

1403 3700 1602 3793 temporum
1617 3718 1811 3796 gementem
1827 3706 1995 3794 cogitare,
2021 3720 2057 3777 et
2078 3708 2253 3798 imprimis
2267 3706 2391 3779 Eccle-

1403 3803 1475 3873 siae
1500 3806 1713 3884 vastationes
1741 3819 1775 3875 et
1801 3806 1985 3877 interitum
2013 3808 2196 3878 literarum
2224 3826 2391 3881 metuere.

1404 3900 1645 3993 Agnoscamus
1661 3918 1778 4008 auteqn
1794 3901 1860 3978 hos
1873 3921 2012 3992 motus,
2032 3932 2163 3999 poenas
2179 3934 2251 3981 esse
2264 3912 2392 3981 mundi

1402 4006 1534 4089 fatales,
1549 4029 1683 4100 nosque
1696 4001 1763 4076 hac
1776 4008 2018 4078 consolatione
2032 4023 2276 4097 sustentemus,
2290 4016 2390 4104 quod

1403 4119 1537 4176 eertum
1559 4120 1611 4177 est
1633 4105 1766 4195 Deum,
1793 4110 1893 4178 utin
1914 4109 2005 4178 mari
2025 4112 2153 4196 rubro,
2184 4136 2287 4183 suum
2310 4139 2391 4183 coe-

1403 4217 1479 4275 tum
1494 4196 1720 4278 servaturum*
1729 4232 1812 4283 esse.
1864 4207 1984 4299 Quare
1998 4210 2140 4282 interim
2157 4226 2191 4283 et
2206 4237 2284 4299 nos,
2310 4216 2392 4308 qui-

1402 4308 1470 4378 bus
1486 4302 1603 4377 adhuc
1618 4312 1779 4380 concedit
1800 4310 1930 4397 otium,
1955 4313 2033 4382 vult
2055 4313 2179 4386 sedulo
2200 4315 2238 4384 in
2260 4338 2392 4407 propa-

1403 4408 1579 4498 gationem
1600 4409 1783 4482 literarum
1806 4425 1842 4483 et
1862 4413 2025 4484 salutaris
2049 4415 2231 4486 doctrinae
2251 4417 2391 4487 incum-

1403 4509 1504 4595 bere,
1530 4523 1565 4580 et
1578 4508 1775 4584 iuventutis
1786 4514 1903 4584 studia
1915 4514 2126 4598 accendere,
2153 4520 2252 4587 etad
2273 4532 2390 4609 poste-

1403 4634 1461 4680 ros
1484 4613 1587 4704 quasi
1614 4609 1892 4704 Patrimonium,
1932 4612 2045 4682 bonas
2071 4628 2165 4685 artes
2196 4616 2389 4690 illustratas
2476 4693 2479 4699 ,

1403 4712 1659 4804 transmittere,
1685 4714 1780 4804 quod
1796 4711 2033 4797 utiaciamus,
2058 4728 2150 4785 certe
2163 4718 2390 4787 mediocriter

1402 4810 1608 4906 annitimur.
1662 4810 1733 4882 Sed
1752 4811 1934 4904 Principes
1963 4814 2062 4886 decet
2087 4810 2195 4887 huius
2223 4814 2389 4908 pulcher-

1401 4912 1485 4979 rimi
1509 4909 1639 4981 laboris
1660 4908 1895 5010 dyweods'cotr
1915 4937 2010 5002 esse,
2037 4918 2186 4988 excitare
2208 4933 2243 4988 et
2261 4942 2387 5008 prove-

2218 2982 2388 3013 m
2492 3023 2496 3029 ι

358 5019 532 5109 pendium
552 5014 751 5097 Medicum,
783 5012 879 5105 quod
900 5006 1036 5102 Floeco
1054 5008 1225 5082 hactenus
1247 5016 1349 5082 dedi·
1403 5007 1487 5080 here
1506 5011 1658 5100 ingenia.
1709 5011 1792 5102 Quo
1807 5014 1845 5082 in
1863 5036 1990 5105 genere
2015 5030 2075 5087 tua
2095 5019 2287 5089 liberalitas
2311 5034 2386 5089 non
2501 5050 2515 5071 κ

363 5122 443 5201 stis,
474 5118 635 5187 nuncin
666 5140 703 5186 se
731 5114 970 5187 transferatur.
1027 5111 1131 5184 Certe
1153 5114 1182 5182 si
1207 5114 1348 5184 scissem
1401 5115 1496 5182 deest
1512 5108 1741 5188 scholasticis.
1790 5112 2000 5187 Etsiautem
2017 5119 2088 5187 scio
2106 5113 2387 5211 horumtempo-

362 5217 446 5289 haec
463 5224 506 5287 de
524 5217 755 5310 patrimonio,
791 5216 854 5286 etsi
871 5209 1002 5284 Flocci
1019 5229 1223 5305 paupertate
1242 5218 1346 5285 etiam
1401 5240 1480 5284 rum
1509 5214 1777 5287 difficultatibus
1806 5232 1839 5288 et
1868 5217 2075 5310 Principum
2105 5235 2138 5289 et
2166 5222 2387 5313 privatorum

359 5318 546 5404 movebar,
572 5312 688 5389 tamen
702 5315 1006 5412 proHieronymo
1021 5319 1131 5406 magis
1145 5321 1346 5386 enittendis·
1400 5317 1624 5387 oeconomias
1655 5320 1876 5401 conturbari,
1910 5333 2028 5388 tamen
2055 5320 2140 5411 ipsis
2166 5323 2385 5414 temporibus
2436 5400 2437 5403 Ἴ

333 5448 449 5505 -sem,
483 5446 562 5490 rum
583 5417 642 5491 hic
664 5422 708 5491 de
730 5419 880 5489 lectione
910 5434 1088 5508 ageretur.
1136 5415 1184 5486 Et
1205 5418 1345 5487 volente
1399 5419 1636 5501 condonabis,
1668 5421 1764 5510 quod
1784 5419 1896 5488 nostri
1919 5421 2056 5489 ordinis
2082 5418 2243 5494 homines
2268 5428 2387 5517 plures

358 5526 439 5593 aula
462 5538 618 5613 poteram
641 5526 813 5592 anteferre
830 5518 1100 5615 Hieronymum.
1153 5517 1256 5587 Nunc
1278 5520 1345 5608 igi·
1399 5520 1443 5588 ad
1458 5532 1492 5588 te
1510 5519 1730 5609 confugiunt.
1780 5519 1889 5590 Pauci
1913 5522 2006 5589 enim
2027 5538 2109 5594 sunt
2132 5526 2193 5593 alii
2217 5529 2280 5620 qui
2303 5527 2384 5595 lite·

357 5643 416 5697 tur
433 5649 509 5702 oro,
534 5638 575 5694 ut
590 5623 713 5693 virtuti
728 5620 939 5714 Hieronymi
953 5619 1021 5692 hoe
1039 5620 1183 5704 tribuas,
1207 5633 1344 5689 utrum
1397 5645 1453 5690 ras
1475 5621 1676 5713 respiciant.
1737 5618 1829 5691 Cum
1858 5635 1977 5691 autem
2000 5622 2180 5718 dtigelius
2209 5629 2408 5720 praeclare.

309 5782 316 5791 .
355 5726 504 5798 Senatui
521 5725 761 5805 commendes,
793 5745 833 5791 ae
855 5720 1030 5811 perficias,
1060 5735 1102 5793 ut
1125 5721 1342 5813 stipendium
1396 5722 1493 5792 iuvet
1505 5735 1538 5791 et
1552 5734 1655 5792 ornet
1668 5721 1851 5791 literarum
1869 5722 2003 5808 studia,
2037 5728 2191 5799 vicissim
2210 5728 2385 5817 aRepub.
2461 5717 2466 5741 ¹

355 5828 524 5902 obtineat.
578 5824 761 5914 Interdum
783 5823 878 5894 soleo
897 5824 937 5893 in
951 5819 1008 5895 his
1024 5824 1342 5903 commendationi·
1396 5825 1577 5894 ornandus
1593 5835 1676 5894 erat.
1726 5820 1805 5894 Etsi
1821 5822 1917 5893 enitn
1932 5822 2035 5898 ltalia
2051 5854 2123 5903 una
2142 5832 2281 5902 videtur
2304 5853 2385 5899 sua·
