5325 6917
434 689 508 763 867

766 849 909 928 Iusto
935 847 1104 927 Murrio.

440 957 485 1046 S.
509 978 556 1047 D.
582 975 652 1046 Dei
673 979 845 1048 beneficio
870 974 927 1046 hic
951 974 1188 1068 tranquillitas
1213 988 1283 1060 est,
1308 986 1342 1044 et
1358 997 1432 1043 me-

442 1081 610 1151 diocriter
624 1080 754 1148 florent
768 1079 885 1148 studia
900 1077 1095 1150 literarum.
1145 1075 1214 1146 Sed
1235 1072 1290 1147 his
1305 1078 1431 1146 diebus

442 1186 584 1252 doctum
615 1174 796 1249 hominem
819 1173 1033 1248 Martinam
1058 1172 1246 1264 Frisium,
1276 1180 1337 1272 qui
1368 1179 1433 1247 diu

443 1285 593 1354 fideliter
609 1281 697 1350 alios
711 1280 859 1366 erudiit,
881 1274 1119 1374 amisimus*).
1161 1279 1294 1350 Verum
1307 1305 1348 1349 ea
1363 1280 1433 1348 fuit

442 1388 535 1456 vitae
551 1382 680 1474 pietas,
704 1396 745 1453 ut
761 1396 942 1452 evocatum
957 1382 995 1451 in
1011 1382 1196 1451 coelestem
1213 1377 1370 1451 scholam
1388 1380 1433 1448 ad

445 1486 661 1556 audiendum
685 1479 868 1553 Christum
896 1495 931 1551 et
957 1478 1151 1574 Prophetas
1175 1496 1210 1552 et
1232 1479 1435 1572 Apostolos,

445 1612 519 1657 non
535 1586 708 1657 dubitem.

545 1685 599 1756 De
615 1697 791 1756 conventu
816 1679 883 1753 hoe
902 1683 1045 1753 scimus:
1072 1683 1242 1776 promissa
1265 1697 1349 1753 sunt
1370 1707 1434 1752 au-

446 1790 530 1859 xilia
554 1785 705 1871 Carolo,
739 1798 860 1856 contra
887 1784 1011 1856 Gallos
1031 1800 1065 1854 et
1089 1784 1215 1854 Gallus
1238 1786 1433 1854 declaratus

446 1905 499 1960 est
521 1885 632 1959 hostis
656 1887 796 1980 imperii
819 1884 1038 1963 Germanici.
1095 1884 1199 1955 Nunc
1219 1900 1346 1977 petunt
1368 1911 1434 1953 no-

447 1993 535 2073 stri,
570 2005 608 2059 ut
631 1987 797 2060 Ecclesiis
819 1988 948 2057 nostris
969 2012 1035 2079 pax
1058 1989 1282 2058 concedatur.
1333 1982 1433 2054 Dio-

446 2089 593 2185 nysium
604 2083 672 2184 **)‚
686 2089 894 2158 Macedonis
908 2084 1216 2172 Concionatorem,
1239 2088 1345 2157 audio
1362 2110 1434 2156 esse

446 2206 646 2275 mortuum,
665 2203 707 2264 et
721 2190 840 2274 doleo;
868 2212 950 2258 nam
970 2181 1220 2282 Lenmgerum
1240 2213 1335 2257 nrrnc
1357 2212 1434 2256 ma-

445 2293 499 2382 gis
515 2304 644 2358 metuo.
696 2288 803 2359 Mitto
821 2289 885 2381 tibi
902 2302 938 2374 et
953 2287 1173 2385 Hieronymo
1191 2291 1351 2373 libellos,
1378 2289 1435 2358 cui

447 2393 627 2461 excusabis
643 2414 717 2470 me,
744 2393 839 2483 quod
858 2416 958 2461 nune
974 2416 1048 2460 non
1062 2393 1194 2478 scriho;
1222 2416 1315 2460 eram
1340 2392 1434 2458 enim

446 2495 637 2564 admodum
653 2505 852 2582 occupatus.
902 2490 1001 2561 Bene
1014 2495 1111 2578 vale,
1133 2494 1191 2562 die
1212 2496 1270 2566 17.
1290 2488 1436 2582 Aprilis,

447 2620 518 2688 quo
533 2608 613 2663 ante
629 2590 851 2666 annosssto
867 2591 945 2663 Noa
963 2595 1112 2685 paterio
1128 2619 1242 2664 arcam
1261 2594 1436 2682 ingressus

447 2710 516 2775 est,
564 2719 633 2787 qua
661 2694 814 2783 imagine
842 2696 997 2764 ostendit
1030 2693 1214 2779 Christus,
1255 2696 1435 2786 qrromodo

447 2820 586 2886 semper
617 2797 830 2874 servaverit,
871 2809 906 2864 et
932 2810 1134 2865 servaturus
1158 2797 1204 2864 sit
1233 2792 1438 2878 Ecclesiam,

446 2898 595 2987 imperia
608 2921 691 2966 vero
708 2896 828 2965 obruit
844 2909 989 2987 propter
1002 2897 1127 2966 mundi
1142 2899 1290 2968 furores.
1341 2893 1437 2963 Bene

447 2999 535 3072 vale.

957 3092 1145 3190 Philippus
1161 3092 1387 3169 Melanthon.

448 3441 516 3513 No.
533 3440 646 3512 2925.

455 3534 626 3566 w..
1269 3447 1440 3565 ese

817 3582 1064 3695 Praefatio.

500 3764 673 3836 (Secundum
692 3763 773 3833 Mylii
791 3763 1001 3835 chronologium
1022 3763 1187 3835 scriptorum
1205 3766 1389 3822 Melanthonir
1405 3767 1438 3821 ad

537 3836 563 3890 h.
576 3853 677 3887 aunum
696 3832 857 3885 Melanthon
874 3837 927 3886 scrl
947 3833 981 3884 sit
1005 3835 1222 3902 „oratiotionem
1242 3837 1269 3888 in
1288 3837 1439 3890 arithmeti-

536 3923 599 3958 cam
622 3899 753 3956 loacbimi
771 3898 913 3955 Ammonil
958 3900 1109 3963 issensis'’,
1134 3903 1187 3956 dat.
1209 3902 1235 3955 d.
1260 3906 1300 3960 17.
1315 3909 1382 3976 Ape.
1405 3933 1440 3949 .-

537 3969 606 4026 Mihi
627 3988 690 4023 vero
712 3987 768 4021 non
786 3970 916 4037 contigit,
934 3968 1006 4021 bunc
1025 3967 1125 4022 librum
1143 3971 1242 4026 videre.
1277 3973 1375 4028 Nescio
1388 3993 1437 4028 au·

537 4049 592 4091 tem
606 4056 640 4091 an
657 4055 712 4090 non
726 4035 830 4108 lllylius
843 4037 985 4108 pagellam,
1002 4055 1083 4107 quam
1099 4037 1167 4092 inira
1181 4039 1304 4094 dedimus
1316 4042 1350 4096 ad
1365 4041 1438 4096 diem

535 4107 580 4162 2⁹.
594 4106 687 4176 Septb.
700 4105 728 4162 h.
744 4123 767 4163 a,
782 4103 896 4159 sortasse
909 4104 1005 4157 dicerit
1019 4105 1232 4176 praefationem.)

449 4429 515 4501 No.
531 4425 644 4501 2924.

456 4523 627 4552 m

620 4605 826 4688 Brentius
857 4607 919 4689 ad
945 4608 1273 4696 Meluntbonem.

519 4762 587 4834 †Er
601 4779 695 4833 apogr.
708 4760 737 4814 in
753 4763 813 4817 cod.
829 4761 912 4819 Paris.
931 4764 966 4819 D.
983 4765 1013 4820 L.
1029 4763 1089 4819 Μ’.

452 4913 678 4992 Clarissimo
696 4919 772 4988 viro
792 4915 846 4988 D.
863 4915 1090 5017 Philippo
1118 4916 1441 5015 Melanthoni,

589 5015 745 5090 Maiori
756 5044 823 5089 suo
844 5019 883 5089 in
900 5011 1053 5091 Christo
1071 5020 1305 5096 observando.
1384 5091 1387 5094 ,

319 5160 333 5171 ·
453 5124 499 5211 S.
526 5139 564 5205 in
585 5135 738 5208 Christo.
791 5138 925 5208 Misisti
950 5136 1014 5209 hoc
1039 5166 1132 5210 anuo
1155 5146 1196 5211 ad
1218 5170 1272 5213 me
1301 5147 1440 5217 crebras

455 5241 574 5310 literas
586 5253 663 5309 tuas
679 5240 801 5332 plenas
818 5236 1057 5314 humanitatis.
1110 5242 1180 5312 Nec
1203 5241 1270 5314 hoe
1294 5262 1439 5318 eonten-

453 5421 662 5447 -Φ-ψ-ί-

477 5535 518 5602 4)
536 5530 643 5602 Scripta
657 5533 729 5604 publ.
748 5534 782 5586 T.
798 5534 817 5588 1.
833 5553 858 5602 p.
872 5535 937 5587 811³.
972 5536 1119 5604 „Decessit
1138 5539 1188 5591 bac
1207 5550 1287 5592 nocte
1310 5539 1440 5610 Magister

523 5602 665 5657 Martinus
675 5601 797 5672 Hegias,
814 5614 891 5657 natus
904 5605 931 5656 in
949 5605 1049 5676 oppido
1059 5605 1157 5658 Frisiae
1173 5606 1309 5660 orientalis
1324 5609 1437 5676 lirense,

524 5687 604 5736 «poem
621 5671 793 5750 crrenrioimus
808 5691 901 5724 onrnes
916 5671 996 5727 fuisse
1010 5674 1098 5729 virum
1111 5677 1247 5728 eruditum
1257 5686 1281 5730 et
1296 5676 1438 5731 honestum

472 5772 478 5782 .
525 5749 576 5789 etc.
595 5762 631 5798 -,
663 5737 716 5791 Dte
731 5756 831 5793 coenae
846 5740 960 5794 domini.
982 5759 1053 5795 anno
1068 5741 1168 5798 154432

487 5818 535 5890 *¹l)
552 5819 637 5875 Dion.
650 5821 832 5877 Melandrum.

1006 678 1443 759 EPISTOLARUM
1500 682 1606 761 LIB.
1645 679 1710 761 lX.
1761 678 1896 759 1644.

2393 680 2473 756 368

1484 867 1558 939 tus,
1581 854 1750 925 addidisti
1763 854 1835 923 lere
1848 874 1986 942 semper
2001 845 2222 920 chartaceum
2238 847 2384 942 aliquod
2396 874 2473 922 >rec—

1482 948 1615 1047 μήλων
1622 1006 1633 1040 ,
1661 955 1789 1045 quibus
1814 955 1920 1023 rebus
1944 952 2083 1023 animus
2104 974 2222 1040 meus,
2250 950 2358 1019 variis
2374 953 2472 1045 cogi·

1483 1055 1679 1126 tationibus
1691 1053 1859 1143 sillictus,
1888 1072 2062 1127 recreatus
2079 1070 2141 1129 est.
2193 1054 2312 1144 Quare
2326 1079 2392 1144 ago
2408 1059 2475 1127 tibi

1484 1179 1628 1247 magnas
1650 1156 1795 1247 gratias,
1821 1169 1854 1224 et
1879 1153 1985 1226 habes
2004 1182 2061 1226 me
2077 1153 2145 1226 hoe
2158 1157 2330 1228 beneficio
2344 1159 2396 1229 ite
2411 1161 2473 1230 de-

1486 1259 1664 1344 vinctum,
1691 1270 1733 1327 ut
1747 1258 1886 1326 credam
1898 1281 1954 1327 me
1969 1260 2148 1329 absentem
2165 1259 2405 1350 multomagis
2422 1273 2476 1331 te-

1486 1383 1565 1430 cum
1588 1382 1681 1444 esse,
1715 1382 1822 1452 quam
1848 1358 1877 1425 si
1898 1380 2036 1450 semper
2056 1372 2171 1428 tecum
2186 1382 2349 1448 praesens
2365 1362 2476 1432 vitam

1485 1484 1633 1552 agerem.
1691 1459 1764 1530 Nec
1788 1461 1934 1541 dubito,
1968 1459 2057 1553 quin
2081 1485 2151 1528 una
2175 1461 2287 1528 surturi
2299 1464 2413 1531 simus
2436 1463 2476 1531 in

1484 1586 1593 1652 regno
1614 1556 1765 1646 Christi,
1787 1562 1826 1629 in
1851 1585 1921 1654 qrro
1948 1573 1986 1629 tn
2013 1561 2119 1630 tantis
2136 1561 2230 1629 curis
2247 1577 2281 1634 et
2294 1564 2474 1633 sollicitu-

1485 1664 1648 1747 dinibus,
1674 1685 1737 1752 ego
1761 1685 1781 1729 a
1806 1686 1880 1731 mea
1897 1661 2071 1733 stoicitate
2100 1673 2134 1730 et
2156 1663 2353 1732 vanissimis
2373 1665 2478 1753 cogi·-

1485 1765 1676 1834 tationibns
1692 1762 1816 1844 liberi,
1841 1762 2095 1832 delectabimur
2113 1776 2302 1852 perpetuo,
2328 1778 2362 1834 et
2376 1766 2478 1834 sruc-

1484 1888 1566 1933 mur
1587 1863 1791 1933 dulcissimo
1814 1863 1877 1930 illo
1899 1863 2077 1955 colloquio
2100 1858 2233 1932 Christi
2258 1877 2292 1934 et
2314 1866 2478 1934 omnium

1485 1966 1635 2057 piorum.
1689 1961 1810 2033 ludaei
1830 1963 2026 2047 somniant,
2058 1963 2096 2032 in
2118 1965 2274 2033 adventu
2297 1966 2354 2033 sui
2376 1965 2477 2035 Mes-

1485 2068 1556 2135 siae
1572 2087 1693 2135 esuros
1715 2087 1751 2133 se
1772 2066 1816 2133 de
1832 2064 1997 2133 carnibus
2013 2064 2102 2133 vasti
2117 2064 2214 2133 illius
2228 2067 2341 2147 taceri,
2360 2089 2381 2136 a
2404 2092 2476 2160 quo

1486 2169 1610 2237 dicunt
1636 2190 1709 2236 uno
1737 2165 1795 2233 die
1825 2177 1967 2233 centum
1992 2165 2157 2235 milliaria
2189 2167 2332 2255 depasci
2363 2191 2476 2257 posse.

1485 2266 1597 2339 Nobis
1613 2264 1769 2336 Ecclesia
1786 2279 1820 2336 et
1838 2278 2003 2355 perpetua
2018 2267 2112 2335 bona
2137 2267 2176 2334 in
2190 2262 2334 2337 Christo
2354 2283 2477 2358 parata

1486 2382 1588 2454 sunt,
1611 2390 1700 2460 qrrae
1715 2380 1755 2436 ut
1769 2380 1862 2435 certa
1879 2367 1925 2435 ita
1940 2379 1973 2434 et
1987 2388 2113 2456 magna
2133 2390 2193 2458 spe
2209 2381 2440 2458 expectamus.

1588 2461 1752 2538 Comitia
1794 2461 1986 2563 Spirensia
2025 2466 2187 2537 nondum
2229 2483 2314 2540 sunt
2351 2470 2476 2542 soluta.

1487 2570 1665 2662 Tempore
1693 2568 1790 2637 enim
1822 2591 1911 2658 opus
1942 2579 2014 2660 est,
2056 2580 2098 2637 ut
2120 2568 2353 2654 deliberetur,
2389 2595 2477 2639 num

1488 2669 1680 2741 Germania
1706 2666 1813 2738 Gallo
1838 2693 1885 2737 an
1913 2667 2052 2737 Turcae
2077 2667 2271 2759 diripienda
2301 2685 2336 2740 et
2364 2674 2477 2768 deva3

1488 2773 1611 2841 standa
1644 2769 1844 2842 obiiciatur.
1901 2767 2085 2860 Principes
2103 2767 2314 2841 Germaniae
2336 2773 2479 2841 malunt

1487 2870 1645 2942 fortassis
1666 2894 1732 2939 nos
1760 2871 1868 2939 semel
1892 2883 2028 2940 tantum
2055 2892 2158 2962 qnam
2182 2895 2320 2964 semper
2345 2873 2477 2941 misere

1488 2974 1616 3064 perire.
1651 2971 1723 3042 Sed
1736 2971 1849 3063 quid?
1874 2969 1914 3041 si
1932 2971 1989 3039 isti
2006 2969 2133 3041 nolunt
2144 2982 2351 3043 conservare
2369 2996 2476 3043 suum

1489 3075 1750 3163 magistratum,
1788 3067 1951 3144 Christus
1978 3085 2096 3141 tamen
2123 3074 2347 3144 conservabit
2375 3098 2474 3144 suam

1489 3172 1693 3249 Ecclesiam.
1753 3170 1832 3241 Hoc
1864 3186 1916 3243 est
1947 3185 2109 3249 nostrum
2139 3173 2359 3263 perfugium,
2397 3187 2475 3244 utut

1490 3277 1579 3346 aliae
1595 3299 1651 3345 res
1673 3273 1872 3345 ceciderint.
1922 3271 2108 3362 Superiori
2130 3267 2352 3343 hebdomade
2374 3299 2475 3368 quam

1491 3400 1617 3448 curum
1632 3389 1777 3458 vocant,
1800 3371 1960 3444 exhibuit
1974 3374 2077 3444 nobis
2086 3372 2191 3465 Spira
2209 3397 2274 3465 pro
2290 3371 2475 3445 unoChri-

1491 3493 1543 3549 sto
1560 3481 1662 3551 duos.
1713 3465 1875 3543 Carolus
1890 3475 1984 3542 enim
1999 3468 2304 3544 etFerdinnndus
2314 3477 2477 3546 laverunt

1491 3580 1641 3669 singuli,
1666 3593 1706 3647 ut
1722 3577 1806 3667 ipsls
1823 3579 1968 3645 solenne
1984 3590 2052 3661 est,
2072 3579 2179 3668 pedes
2193 3578 2380 3646 duodecim
2391 3602 2476 3669 pau-

1490 3705 1626 3771 perum.
1678 3678 1726 3747 Et
1747 3678 1858 3746 indie
1876 3699 2074 3767 parasceves
2099 3677 2204 3745 multi
2220 3675 2390 3768 Hispani,
2415 3679 2473 3747 alii

1491 3805 1553 3851 sua
1568 3793 1703 3871 sponte,
1729 3778 1790 3846 alii
1807 3779 1917 3868 pretio
1938 3778 2116 3861 conducti,
2137 3779 2285 3867 flagellis
2300 3793 2476 3870 spectante

1490 3880 1619 3953 Carolo
1643 3881 1690 3951 ita
1714 3903 1749 3948 se
1770 3879 1989 3963 cecideruut,
2014 3891 2112 3949 utet
2135 3881 2275 3969 sanguis
2294 3882 2476 3964 emanarit,

1492 4009 1562 4076 qun
1586 3994 1724 4074 peccata
1747 4005 1809 4050 sua
1830 3980 2021 4071 expiarent.
2071 3975 2121 4050 Et
2141 3980 2391 4051 dicunturiam
2411 3981 2475 4050 ali—

1492 4086 1554 4178 qui
1580 4109 1619 4153 ex
1641 4078 1695 4150 his
1718 4081 1860 4153 mortui.
1918 4078 1984 4149 His
2008 4080 2152 4174 ineptiis
2173 4081 2312 4151 comitia
2334 4094 2476 4172 protra-

1492 4181 1639 4254 huntur.
1698 4180 1794 4251 Haec
1817 4183 2011 4273 spectacula
2035 4183 2128 4252 filius
2149 4180 2215 4253 Dei
2236 4183 2301 4252 diu
2322 4183 2482 4273 perferre

1492 4286 1632 4378 posset?
1682 4281 1875 4354 Nonferet.
1925 4278 1999 4352 Καὶ
2016 4285 2137 4354 ταῦτα
2150 4276 2220 4374 μὲν
2232 4278 2428 4375 directim.

1593 4385 1708 4456 Filius
1728 4383 1882 4454 ministri
1899 4385 1971 4467 tui,
1997 4385 2053 4452 cui
2069 4385 2197 4453 dedisti
2217 4384 2338 4453 literas
2355 4386 2400 4453 ad
2416 4382 2486 4454 Se-

1492 4502 1614 4557 natum
1636 4485 1735 4554 urbis
1756 4499 1913 4569 nostrae,
1946 4485 2072 4554 maluit
2095 4484 2271 4576 suscipere
2294 4476 2481 4555 scholasti-

1493 4614 1568 4660 cam
1586 4586 1880 4656 ministrationem
1898 4588 1935 4654 in
1951 4586 2098 4676 oppido,
2110 4598 2150 4657 nt
2165 4585 2285 4672 audio,
2297 4578 2476 4684 Lauffen,

1493 4714 1600 4784 quam
1621 4689 1741 4757 literas
1767 4701 1842 4756 tuas
1857 4687 1994 4756 senatui
2009 4689 2105 4761 dare.
2155 4684 2374 4758 Adolescens
2389 4687 2476 4755 alius

1493 4784 1698 4858 Erhurdus
1718 4783 1908 4872 Blancns,
1944 4789 2007 4880 qui
2031 4802 2065 4859 et
2089 4788 2162 4879 ipse
2184 4802 2261 4859 tuas
2287 4788 2413 4859 literas
2436 4791 2475 4856 ad

1494 4915 1550 4960 me
1564 4890 1698 4971 attulit,
1723 4890 1830 4958 servit
1843 4901 1982 4958 nostrae
1999 4884 2151 4964 scholae.
2199 4887 2288 4959 Heri
2310 4888 2414 4957 misit
2437 4892 2475 4960 ad

1493 5017 1548 5060 me
1564 5005 1640 5060 tuas
1655 4991 1772 5058 literas
1787 4978 1937 5085 Caspur
1952 4984 2138 5076 Louerus,
2163 4987 2286 5060 Pastor
2300 4986 2476 5059 Ecclesiae

1492 5091 1780 5181 Nordlingiacae,
1814 5117 1918 5183 quern
1940 5105 2031 5160 certe
2059 5094 2146 5159 meis
2166 5091 2313 5174 officiis,
2351 5089 2475 5184 quibus

1491 5217 1646 5285 possum,
1671 5193 1858 5276 adiuvabo,
1882 5195 1979 5284 qnod
1995 5217 2015 5261 a
2031 5207 2064 5262 te
2082 5195 2366 5271 commendatus,
2388 5196 2472 5284 quod

1492 5296 1708 5389 symmistes,
1734 5300 1828 5386 quod
1852 5294 2007 5378 vicinus,
2033 5297 2128 5386 quod
2153 5308 2234 5363 ante
2257 5289 2372 5375 mihi,
2399 5317 2470 5361 cunr

1492 5392 1608 5465 adhue
1642 5395 1679 5463 in
1713 5391 1964 5464 Marchionatu
1997 5396 2213 5486 praedicaret
2243 5391 2476 5483 Evangelium

1491 5494 1643 5578 Christi,
1671 5509 1775 5564 notus
1802 5497 1922 5580 luerit,
1945 5499 2041 5589 quod
2064 5510 2097 5565 et
2120 5496 2213 5563 cives
2234 5493 2479 5584 Nordlingiaci

1491 5598 1692 5666 audiverint
1716 5621 1832 5665 meum
1857 5599 1900 5665 de
1924 5597 1999 5687 ipso
2015 5597 2259 5666 testimonium
2271 5596 2482 5688 priusquam

1493 5723 1572 5767 eum
1597 5711 1787 5769 vocassent.
1845 5695 1894 5766 Et
1917 5699 2075 5786 intelligo
2099 5699 2168 5765 iam
2194 5721 2235 5767 ex
2258 5698 2376 5768 literis
2397 5697 2481 5779 eius,

1493 5802 1587 5892 qnod
1615 5801 1659 5866 sit
1690 5799 1754 5887 ipsi
1787 5799 1967 5886 negotium
1993 5822 2072 5869 eum
2093 5798 2257 5868 Diacono
2280 5797 2482 5889 Cingliauo,
