5325 6917
857 731 1011 820 ⁸2⁷

871 937 1115 997 servo,
1166 910 1355 1006 quod
1401 910 1478 979 in
1525 911 1715 980 libro
1759 925 1950 982 sexto
1974 907 2334 982 Historiae
2373 910 2569 981 illius
2600 907 2853 982 scribi-

873 1030 1016 1089 tur.
1043 1071 1048 1078 .
1075 1009 1429 1109 διαβολῆς
1469 1004 1612 1106 μέν
1650 1009 1740 1083 οὐ
1779 1017 2126 1105 σῶφρον,
2173 1007 2343 1084 οὔτε
2388 1009 2626 1112 λέγειν
2649 1005 2858 1090 τινὰς

877 1119 980 1198 εἷς
1021 1107 1407 1208 ἀλλήλους,
1463 1111 1633 1187 οὔτε
1670 1108 1847 1194 τοὺς
1876 1107 2288 1195 ἀκούοντας
2331 1109 2855 1207 ἀποδέχεσθαι.

876 1218 1244 1289 Postremo
1276 1238 1699 1308 magnopere
1727 1228 1795 1286 te
1823 1239 1976 1298 oro,
2007 1228 2090 1285 ut
2121 1216 2395 1309 quoties
2425 1212 2722 1285 habebis
2752 1229 2859 1285 ta-

879 1317 1252 1403 bellarios,
1315 1341 1427 1388 res
1467 1330 1731 1387 vestras
1784 1312 1967 1386 mihi
2032 1317 2398 1406 significes.
2478 1316 2861 1386 ‘Videmus

881 1420 1292 1512 impendere
1339 1419 1582 1490 fatales
1627 1418 2057 1488 mutationes
2087 1417 2449 1509 Imperiis,
2500 1443 2680 1511 quae
2733 1417 2859 1487 etsi

884 1522 1158 1594 duriter
1213 1520 1627 1592 concutiunt
1665 1516 2095 1604 Ecclesiam,
2162 1532 2398 1589 tamen
2453 1543 2585 1589 nos
2654 1543 2864 1610 expe-

884 1635 1072 1692 ctare
1128 1621 1474 1691 auxilium
1525 1634 1593 1690 ct
1638 1621 1936 1691 salutem
1981 1644 2020 1688 a
2061 1622 2194 1688 deo
2237 1633 2510 1690 rectum
2550 1634 2618 1690 et
2665 1621 2865 1713 pium

889 1737 1018 1798 est.
1117 1719 1313 1792 Bene
1343 1723 1522 1795 vale.
1590 1721 1707 1791 die
1741 1719 2072 1811 Gregorii
2110 1717 2332 1795 1544.

1583 1849 1592 1858 ·
1831 1853 1838 1859 ·
1931 1818 2308 1915 Philippus
2348 1816 2761 1895 MeltthoN.

883 2156 1018 2232 No.
1048 2155 1275 2232 2878.
2541 2172 2573 2230 1
2595 2169 2659 2228 8.
2686 2159 2862 2224 Mart.

2510 2251 2851 2282 w„

1431 2339 1732 2426 Ioach.
1803 2337 2317 2428 Camerarzb.

1019 2481 1191 2557 Epist.
1220 2481 1288 2538 ad
1307 2481 1589 2542 Camerar-
1614 2502 1670 2557 p.
1696 2483 1801 2538 449
1821 2502 1908 2556 sq.
1945 2485 2053 2554 (ed.
2073 2483 2252 2540 Lond.
2275 2482 2377 2537 tv.
2404 2501 2491 2557 ep.
2510 2482 2680 2555 817.)-

886 2627 1207 2708 Clariss.
1280 2636 1434 2708 viro
1500 2633 1905 2709 eruditione
1970 2647 2035 2709 et
2113 2637 2369 2710 virtute
2442 2640 2868 2735 praestanti

884 2733 1186 2810 Ioach
1206 2737 1387 2809 imo
1436 2731 1655 2811 Cam
1677 2764 1836 2811 era
1856 2738 1997 2809 rio
2061 2737 2554 2836 Pabergensi,
2620 2741 2861 2812 amico

1572 2864 1710 2912 suo
1761 2863 2148 2912 carssszmo
2166 2897 2188 2928 ,

878 2950 973 3042 S.
1024 2970 1117 3048 D.
1219 2971 1468 3046 Idibus
1493 2971 1779 3045 Martiis
1814 2995 1976 3045 cum
2008 2976 2296 3067 quidem
2325 2976 2414 3046 de
2438 2972 2516 3049 C.
2544 2973 2860 3048 Caesaris

880 3095 1085 3162 nece,
1155 3075 1386 3172 deque
1429 3069 1763 3148 humanis
1806 3076 2109 3146 miseriis
2153 3077 2376 3147 multa
2421 3080 2859 3168 cogitassem,
2910 3140 2911 3145 ,

880 3177 1250 3269 epistolam
1293 3178 1530 3269 accepi
1569 3191 1808 3263 tuam,
1856 3178 1934 3246 in
1979 3201 2118 3271 qua
2161 3179 2426 3248 mentio
2472 3193 2577 3250 est
2609 3180 2859 3275 scripti

877 3278 1330 3350 Ciceroniani
1370 3278 1460 3348 de
1488 3277 1886 3349 Senectute.
1987 3275 2233 3373 Itaque
2278 3278 2427 3349 eius
2476 3280 2621 3349 diei
2663 3279 2859 3371 cogi-

875 3377 1147 3449 tatione
1185 3390 1463 3461 motus,
1538 3379 1815 3449 avidius
1851 3378 2068 3468 relegi
2108 3393 2335 3451 totum
2391 3381 2716 3451 libellum
2770 3383 2860 3452 de

878 3477 1293 3563 Senectute,
1339 3491 1426 3549 ut
1451 3477 1766 3548 viderem
1805 3479 1950 3549 illis
1977 3471 2310 3553 humanis
2341 3482 2858 3554 calamitatibus

878 3602 1061 3673 quae
1110 3579 1423 3648 remedia
1465 3573 1594 3650 καὶ
1642 3573 2204 3677 ἀλεξιφάρμακα
2249 3585 2693 3674 opposuisset
2732 3583 2857 3656 Ci-

879 3703 1066 3756 cero.
1167 3677 1523 3750 vidis-non
1554 3678 1783 3750 solum
1817 3682 2154 3768 suaviter,
2204 3687 2327 3752 sed
2370 3685 2584 3756 etiam
2625 3687 2856 3756 ambi-
2917 3686 2920 3747 ἶ

875 3781 1058 3853 tiose
1090 3779 1421 3872 scriptam
1460 3804 1609 3851 esse
1638 3782 1834 3852 illam
1862 3783 2441 3871 consolationem,
2490 3811 2570 3856 ac
2599 3788 2858 3878 puduit

878 3883 1138 3953 addere
1180 3883 1712 3974 praefationem.
1829 3883 1972 3956 Sed
2018 3886 2359 3976 postridie
2409 3912 2617 3959 mane
2656 3913 2855 3960 casus

875 3983 1303 4069 intervenit,
1351 3984 1476 4078 qui
1505 4008 1618 4053 me
1654 3986 1883 4075 coe'git
1915 4010 2181 4056 morem
2210 4011 2448 4078 gerere
2484 3988 2859 4081 cupiditati

877 4084 1375 4156 adolescentis:
1441 4081 1725 4155 Decidit
1767 4081 2070 4181 lychnus
2098 4089 2175 4156 in
2207 4091 2510 4181 pagellas
2541 4087 2856 4162 Ambro-

875 4186 964 4258 sii
982 4178 1082 4284 ¹'').
1181 4184 1352 4257 Ideo
1383 4210 1474 4256 ne
1503 4187 1977 4277 suspicaretur
2010 4212 2049 4258 a
2087 4212 2200 4258 me
2247 4192 2645 4282 petulanter
2696 4217 2855 4263 cor-

873 4302 1117 4381 ruptas
1147 4311 1331 4374 esse,
1372 4288 1618 4381 scripsi
1648 4290 2180 4379 praefationem.
2280 4291 2386 4362 Te
2420 4317 2701 4386 quoque
2731 4317 2854 4363 ro-

873 4413 989 4481 go,
1039 4403 1122 4461 ut
1149 4413 1265 4460 me
1290 4412 1596 4462 excuses.
1679 4387 1787 4461 De
1816 4393 2262 4463 enarratione
2293 4396 2378 4464 ad
2409 4395 2642 4485 ipsum
2680 4396 2854 4464 scri-

871 4493 1006 4575 bo,
1058 4516 1219 4559 cum
1249 4515 1443 4561 nunc
1473 4493 1759 4584 quidem
1793 4494 1960 4563 satis
1991 4490 2244 4565 habeat
2275 4496 2448 4582 ocii,
2497 4496 2850 4568 facturum

873 4589 1170 4675 rectius,
1221 4591 1288 4659 ei
1332 4594 1744 4682 praesertim
1775 4594 1851 4662 in
1896 4588 2034 4664 hoc
2065 4596 2347 4680 libello,
2394 4597 2474 4668 in
2516 4622 2659 4691 quo
2707 4613 2849 4669 tam

869 4691 1138 4762 multae
1168 4705 1673 4761 coacervantur
1705 4688 2075 4780 historiae,
2126 4697 2348 4766 multa
2383 4697 2549 4766 item
2584 4723 2665 4767 ex
2684 4697 2851 4768 Pla-

872 4805 1044 4865 tone
1088 4804 1160 4863 et
1182 4783 1661 4884 Xenophonte
1694 4795 2016 4883 decerpta
2061 4810 2262 4874 sunt,
2315 4797 2526 4867 addat
2556 4800 2847 4868 uberio-

868 4919 1018 4965 rem
1059 4892 1601 4966 enarrationem.
1701 4891 1896 4965 Bene
1922 4896 2097 4970 vale.
2199 4895 2414 4967 Plura
2455 4923 2581 4989 per
2619 4898 2847 4968 Frau-

871 4995 1159 5069 ciscum.
2095 4993 2361 5091 Philip.
2393 4996 2745 5070 Melanth-

882 5329 1016 5401 No.
1048 5330 1275 5405 2879.
2525 5349 2555 5407 1
2574 5347 2635 5407 6.
2663 5338 2840 5405 Mart.

868 5426 1288 5460 Μ
2491 5430 2834 5460 κον-ς..

1645 5515 1717 5599 I.
1777 5515 2074 5600 Ionae.

1135 5657 1303 5730 Epist.
1339 5656 1435 5712 lib.
1468 5656 1535 5713 V.
1571 5618 1624 5729 p.
1653 5657 1719 5713 55
1753 5679 1836 5730 sq.
1907 5661 1920 5671 “

925 5887 984 5958 *j
1022 5889 1278 5943 Ambros.
1309 5884 1600 5941 Sohund:
1660 5883 1792 5938 Vid.
1819 5884 1872 5941 d.
1899 5887 1984 5940 16.
2008 5885 2174 5940 Mart.
2204 5885 2261 5945 h.
2289 5907 2339 5942 a.

2017 731 2895 817 EPISTOLARUM
2997 731 3215 811 LIB.
3265 731 3394 811 lx,
3500 728 3767 809 1544.

4792 727 4951 805 528

3641 898 3913 971 Iusto
3954 895 4269 969 Ionae.

2959 1012 3050 1101 S.
3102 1034 3194 1104 D.
3266 1032 3423 1105 Etsi
3454 1060 3820 1129 nunquam
3856 1036 4247 1126 quidquam
4282 1030 4524 1100 scribit
4556 1023 4950 1129 ἀξιόλογον

2961 1126 3452 1221 Franciscus,
3516 1139 3819 1229 quadam
3866 1130 4243 1227 ὑπερβολῇ
4291 1132 4558 1202 aulicae
4601 1135 4949 1223 supersti-

2964 1235 3215 1323 tionis,
3265 1252 3499 1307 tamen
3534 1237 3685 1306 eius
3717 1236 4120 1326 epistolam,
4142 1233 4337 1325 -quia
4385 1226 4599 1301 hodie
4630 1235 4949 1324 primum

2965 1339 3174 1408 allata
3203 1352 3327 1423 est,
3384 1339 3518 1408 tibi
3551 1337 3778 1418 mitto,
3830 1336 4173 1404 missurus
4207 1333 4570 1425 aliquanto
4600 1349 4760 1425 post
4796 1359 4950 1405 cer-

2966 1439 3170 1512 tiora.
3271 1438 3454 1510 Nam
3502 1464 3584 1509 ex
3633 1439 3791 1508 aliis
3837 1436 4018 1506 aulis
4054 1447 4336 1526 expecto
4365 1428 4737 1505 historiam
4773 1436 4948 1507 fide-

2967 1539 3108 1609 lius
3134 1540 3490 1632 scriptam.
3591 1537 3737 1609 Nec
3764 1552 4001 1608 tamen
4034 1537 4387 1624 ingratum
4434 1549 4537 1605 est
4574 1536 4652 1604 in
4685 1532 4951 1607 Fran-

2970 1637 3147 1709 cisci
3171 1642 3426 1726 literis,
3490 1643 3684 1733 quod
3727 1654 3866 1709 tam
3914 1638 4130 1708 effuse
4180 1637 4532 1729 praedicat
4580 1638 4948 1709 lenitatem

2969 1733 3239 1813 Caroli
3270 1765 3431 1830 erga
3462 1753 3763 1813 nostros.
3866 1737 4009 1811 Sed
4039 1739 4235 1806 brevi
4266 1732 4399 1806 hac
4425 1739 4511 1805 de
4543 1762 4620 1807 re
4651 1740 4881 1829 plura.

3167 1841 3379 1913 Nunc
3421 1844 3507 1911 de
3536 1842 3684 1911 filio
3711 1842 3924 1911 velim
3970 1853 4037 1910 te
4066 1826 4218 1907 Deo
4266 1839 4524 1927 gratias
4567 1862 4815 1930 agere,
4877 1854 4949 1912 et

2971 1946 3162 2037 quod
3192 1943 3586 2023 revalescit,
3628 1954 3700 2012 et
3742 1941 3933 2035 quod
3976 1962 4208 2009 mores
4259 1952 4426 2008 sunt
4467 1939 4673 2009 laude
4719 1941 4947 2030 digni.

2916 2055 2917 2058 ’
2971 2045 3346 2138 Sumptus,
3396 2045 3525 2115 etsi
3568 2043 3819 2113 durius
3859 2041 4070 2126 vixit,
4121 2063 4335 2134 quam
4383 2041 4704 2131 poscebat
4745 2043 4949 2111 vale-

2971 2148 3242 2217 tudinis
3282 2147 3501 2231 ratio,
3556 2159 3663 2229 te,
3712 2159 3793 2215 ut
3836 2143 4013 2212 boni
4055 2143 4420 2225 consulas,
4475 2142 4680 2212 etiam
4726 2154 4946 2237 atque

2969 2249 3181 2318 etiam
3223 2272 3375 2320 oro.
3485 2244 3667 2315 Nam
3712 2248 3787 2313 in
3836 2240 3971 2313 hoc
4019 2243 4173 2335 ipso
4215 2244 4470 2313 morbo
4514 2266 4663 2312 non
4704 2245 4945 2314 minus

2969 2349 3239 2419 studuit
3268 2360 3387 2418 tua
3407 2342 3886 2417 Oeconomica
3913 2344 4408 2414 administrare
4428 2396 4450 2427 ,
4496 2367 4710 2437 quam
4747 2368 4948 2414 suam

2967 2449 3450 2520 valetudinem
3512 2471 3793 2532 curare,
3856 2469 3995 2539 qua
4039 2469 4123 2515 ex
4177 2468 4256 2514 re
4302 2446 4449 2515 eius
4493 2444 4947 2533 diligentiam

2965 2552 3332 2622 aestimare
3354 2563 3577 2644 potes.
3678 2546 3876 2619 Bene
3905 2546 4083 2619 vale.
4191 2546 4309 2620 16.
4336 2543 4604 2618 Martii.
4702 2609 4713 2624 ,

3972 2641 4351 2740 Philippus
4388 2641 4841 2724 Melanthon.

4622 3020 4738 3083 16.
4763 3010 4946 3077 Mart.

2959 3011 3095 3082 No.
3124 3011 3348 3083 2880.

3654 3196 3773 3289 A.
3842 3195 4289 3283 Saliarem.

3093 3358 3394 3416 Praemisso
3423 3357 3604 3414 libros
3655 3360 3741 3414 Μ.
3775 3359 4054 3415 Ambrosii
4079 3360 4342 3415 Sohar-eri
4367 3356 4746 3411 annotationes
4770 3356 4827 3413 in
4855 3357 4945 3414 M.

3163 3429 3228 3483 Τ.
3259 3428 3537 3483 Ciceronis
3561 3428 3721 3483 Dialo
3764 3449 3853 3483 um
3881 3430 3947 3482 de
3969 3439 4264 3483 senectute.
4330 3426 4493 3479 Basil.
4522 3429 4670 3479 1⁵44.
4700 3428 4754 3481 8.
4788 3429 4945 3496 apud

3160 3497 3283 3552 Nic.
3318 3496 3565 3577 Bryling.
3600 3523 3673 3537 -—
3796 3500 3867 3552 id.
3905 3516 4041 3619 quse
4085 3498 4152 3551 de
4191 3495 4294 3550 bac
4338 3494 4507 3567 prees.
4545 3494 4677 3548 Men.
4711 3496 4947 3567 scripsit

3162 3563 3476 3623 Cameren-io
3509 3584 3566 3617 m
3591 3585 3676 3638 ep.
3703 3565 3758 3621 d.
3787 3567 3843 3620 d.
3878 3568 3904 3619 1
3943 3603 3960 3619 .
3987 3566 4154 3622 Mart.
4179 3563 4235 3619 h.
4258 3582 4307 3619 a.

3028 3693 3239 3773 Phil.
3288 3699 3477 3775 Mel.
3529 3695 4020 3779 Ambrosio
4068 3691 4548 3770 Scluat-ero
4648 3695 4723 3769 S.
4767 3693 4862 3773 D.

2959 3811 3296 3907 Gratiam
3349 3837 3483 3908 tibi
3549 3831 3820 3920 habeo,
3885 3835 4079 3928 quod
4135 3856 4249 3902 me
4315 3834 4403 3901 ad
4458 3819 4944 3900 Cicerom'ani

2959 3938 3202 4032 scripti
3260 3932 3345 4007 de
3385 3945 3734 4010 senectute
3789 3937 4165 4006 lectionem
4214 3932 4589 4016 revocasti,
4651 3931 4936 4002 dulcem

2958 4063 3126 4109 sane
3156 4054 3224 4110 et
3263 4063 3563 4133 prorsus
3592 4038 4029 4122 Nestoriam,
4080 4037 4206 4107 sed
4248 4048 4478 4105 tamen
4530 4034 4933 4102 tenuiorem

2959 4141 3083 4209 illa
3126 4142 3669 4226 consolatione,‘
3722 4163 3932 4234 quam
3998 4135 4210 4207 nobis
4247 4134 4562 4207 doctrina
4610 4134 4941 4205 coelestis

2957 4243 3328 4332 proponit,
3379 4267 3556 4336 quae
3603 4265 3790 4326 non,
3841 4254 3924 4310 ut
3949 4238 4237 4323 Cicero,
4290 4259 4534 4308 causas
4562 4258 4939 4305 senescen-

2957 4344 3047 4413 tis
3095 4356 3164 4413 et
3213 4343 3636 4415 intereuntis
3693 4338 4046 4411 humanae
4096 4354 4389 4410 naturae
4434 4340 4511 4405 in
4561 4335 4933 4406 materiam

2956 4444 3250 4531 confert,
3300 4468 3444 4532 seu,
3495 4460 3576 4516 ut
3603 4439 4052 4527 Aristoteles,
4100 4434 4360 4533 εἶςτὴν
4393 4435 4772 4533 πέρησεν,
4803 4438 4933 4507 sed

2954 4547 3164 4615 aliam
3209 4547 3587 4617 tristiorem
3638 4568 3912 4615 causam
3964 4555 4335 4615 monstrat.
4434 4539 4512 4611 Si
4558 4539 4750 4608 enim
4795 4532 4935 4608 ho-

2956 4649 3226 4718 minum
3281 4663 3530 4718 natura
3572 4649 3840 4734 integra
3891 4659 4106 4729 esset,
4157 4665 4309 4713 non
4354 4654 4434 4711 ut
4466 4663 4670 4729 poma
4701 4651 4932 4710 mate·-

2953 4748 3098 4816 riae
3128 4750 3324 4817 fluxu
3355 4749 3786 4836 languefacta
3818 4748 4258 4838 putrefieret,
4308 4743 4423 4812 sed
4455 4737 4655 4833 ἀκμὴ
4686 4735 4935 4809 homi-

2950 4872 3124 4916 num
3160 4863 3495 4939 perpetua
3527 4860 3881 4933 maneret,
3950 4873 4080 4917 nec
4112 4860 4385 4917 tantum
4410 4843 4730 4930 vigerent
4756 4863 4935 4911 seu-

2950 4972 3104 5034 sus,
3149 4950 3266 5017 sed
3298 4952 3657 5018 accederet
3685 4948 3881 5018 aliud
3917 4950 4122 5039 longe
4151 4946 4377 5017 maius
4406 4943 4699 5023 bonum,
4752 4936 4933 5012 har-

2953 5049 3188 5119 monia
3224 5051 3570 5120 concinna
3603 5050 3923 5121 omnium
3960 5051 4268 5140 partium
4312 5043 4646 5117 hominis.
4747 5040 4929 5113 Ful·

2948 5165 3139 5239 geret
3167 5151 3244 5220 in
3278 5168 3511 5224 mente
3558 5154 3831 5223 firmior
3871 5155 3957 5221 de
3987 5150 4139 5221 Deo
4192 5147 4481 5231 notitia,
4525 5146 4809 5216 arderet
4846 5143 4925 5214 in

2951 5253 3311 5348 voluntate
3348 5279 3550 5324 amor
3591 5253 3727 5325 Dei
3778 5267 3845 5323 et
3904 5254 4215 5322 studium
4266 5246 4807 5339 obtemperandi
4856 5257 4928 5316 et

2949 5355 3089 5425 luci
3123 5356 3409 5426 divinae
3450 5358 3526 5426 in
3564 5368 3799 5426 mente
3837 5377 4082 5423 omnes
4117 5352 4580 5444 appetitiones
4614 5347 4926 5418 domitae

2947 5458 3098 5527 sine
3129 5458 3273 5527 ulla
3308 5457 3745 5528 contumacia
3782 5468 4129 5545 parerent.
4230 5452 4472 5537 Nunc,
4517 5450 4702 5520 utin
4738 5471 4924 5518 nave

2902 5631 2903 5638 χ
2947 5560 3205 5641 lacera,
3256 5559 3353 5627 ita
3395 5559 3471 5627 in
3523 5554 3655 5627 bac
3694 5569 3933 5626 nostra
3972 5570 4221 5625 natura
4257 5569 4491 5646 partes
4525 5572 4770 5621 omnes
4800 5574 4929 5619 ve-

2945 5662 3052 5730 lut
3083 5658 3365 5728 tabulae
3393 5653 3768 5728 dehiscunt
3794 5657 4027 5728 statim
4062 5669 4431 5750 postquam
4477 5654 4724 5742 exiguo
4758 5676 4927 5721 cur-

2943 5760 3167 5842 riculo
3197 5760 3440 5829 aetatis
3487 5771 3848 5852 quassatae
3878 5772 4080 5845 sunt,
4129 5784 4209 5830 ac
4254 5757 4593 5850 paulatim
4629 5775 4927 5846 prorsus

2937 5865 3387 5962 franguntur.
3484 5855 3678 5931 Mihi
3719 5861 3862 5931 iam
3890 5857 4345 5960 ὥμογίροντι
4388 5871 4455 5929 et
4501 5879 4751 5927 sensus
4796 5851 4929 5926 he-
