5325 6917
188 825 195 831 .
292 718 385 841 eoo'
871 762 1312 840 urtsronaaun
1371 759 1571 838 mnne
1625 761 1755 839 1543.
2259 778 2334 850 eto

255 925 262 944 ¹
294 952 366 1023 est,
410 934 495 1029 οὐχ’
530 933 614 1032 ὁσίη
647 932 755 1037 γενεὴ
789 932 888 1013 κακὰ
921 930 1072 1033 ῥάπτειν
1111 929 1289 1030 ἀλλήλων.
1342 937 1583 1018 sacerdotum,
1615 950 1655 1006 nt
1675 937 1725 1005 sic
1746 936 1884 1029 loquar.
1936 936 1983 1009 Et
1999 942 2035 1009 in
2051 944 2143 1030 libro
2161 946 2247 1015 iaris
2261 944 2331 1018 Ca-

297 1040 417 1129 Quare
435 1039 590 1130 pericula
609 1042 867 1129 intelligamus,
900 1055 935 1110 et
955 1041 1106 1130 impetus
1127 1042 1289 1107 modere-
1341 1037 1477 1119 nonici,
1512 1036 1570 1103 cui
1593 1037 1716 1107 titulus
1740 1053 1789 1107 est
1812 1040 1902 1109 liber
1917 1036 2146 1113 Decretorom
2172 1050 2252 1119 dist.
2266 1049 2331 1133 24,

294 1154 379 1210 'mur
393 1142 544 1234 quadarn
559 1142 744 1232 diligentia
759 1141 866 1231 digna
884 1143 952 1232 piis
970 1155 1003 1210 et
1018 1140 1176 1211 eruditis.
1211 1136 1287 1225 Ego
1339 1138 1523 1217 scribitur,
1554 1130 1696 1207 Loi'cos
1717 1149 1866 1232 rogatos
1891 1166 1997 1237 posse
2024 1142 2167 1239 publice
2198 1145 2330 1221 docere.

296 1243 442 1335 quidem
458 1267 521 1311 oro
536 1239 652 1313 Deum
671 1257 853 1312 aeternum
870 1257 1003 1334 patrem
1023 1241 1159 1311 domini
1174 1240 1287 1310 nostri
1343 1236 1456 1308 Verba
1489 1240 1635 1307 canonis
1665 1256 1778 1312 sumta
1802 1258 1883 1314 sunt
1907 1267 1948 1313 ex
1972 1244 2118 1339 Synodo
2144 1245 2329 1344 Carthagi-

296 1342 377 1413 lesu
391 1339 545 1427 Christi,
570 1357 609 1412 ut
622 1357 767 1435 propter
781 1344 895 1412 filium
910 1368 967 1412 me
983 1343 1110 1431 spiritu
1127 1368 1190 1411 suo
1206 1366 1287 1410 san-
1338 1342 1452 1412 nensi.

294 1459 351 1515 cto
367 1457 480 1533 regat,
506 1445 597 1513 sicut
618 1440 898 1515 dixitChristus:
930 1440 1000 1534 οὐχ
1021 1438 1126 1533 ὑμεῖς
1150 1437 1228 1513 ἐστὲ
1252 1440 1287 1513 οἱ
1440 1439 1509 1511 Sed
1540 1444 1585 1510 de
1611 1443 1890 1515 administranda
1914 1471 2023 1517 coena
2046 1441 2192 1519 Domini
2214 1433 2328 1528 maior

294 1550 490 1626 λαλοῦντες
511 1542 603 1616 ἀλλὰ
626 1541 669 1617 τὸ
694 1551 841 1636 πνεῦμα
862 1551 931 1618 τοῦ
952 1540 1092 1638 πατρὸς
1112 1540 1223 1634 ὑμῶν
1242 1539 1286 1615 τὸ
1337 1554 1389 1609 est
1412 1543 1582 1633 quaestio.
1633 1543 1779 1636 irrepsit
1802 1548 1896 1615 enim
1920 1551 2042 1639 opinio
2064 1553 2109 1620 de
2131 1552 2328 1627 mutatione

296 1645 489 1719 λαλοῦνέν
510 1643 614 1739 ὑμῖν.
667 1646 804 1739 Spiritu
826 1663 946 1719 sancto
967 1648 1154 1715 flectantur
1176 1646 1287 1715 animi
1337 1644 1449 1732 panis.
1501 1641 1604 1713 Hanc
1619 1660 1824 1735 potestatem
1840 1650 1964 1722 dicunt
1980 1666 2074 1722 certo
2088 1655 2207 1723 ordini
2227 1681 2325 1726 com-

295 1750 409 1819 nostri
434 1751 478 1819 ad
502 1748 679 1833 salutaria,
736 1748 785 1819 Et
809 1773 887 1818 mea
915 1748 1063 1819 consilia
1095 1747 1161 1817 scis
1185 1769 1287 1837 saepe
1337 1746 1539 1814 mandatam
1565 1769 1650 1819 esse.
1715 1747 1783 1818 Sed
1809 1752 1942 1841 opponi
1964 1767 2079 1843 potest
2100 1756 2325 1828 manifestum

295 1851 402 1920 fuisse
417 1842 709 1944 συμβιβαστικά.
1338 1845 1592 1930 testimonium,
1620 1862 1655 1918 et
1667 1850 1750 1918 satis
1766 1874 1870 1940 grave
1886 1851 2021 1946 Synodi
2035 1852 2218 1939 Nicaeum,
2236 1883 2326 1951 qnae
2424 1871 2426 1876 ’

397 1981 484 2050 Vidi
512 1983 647 2051 editum
678 2006 697 2049 a
727 1981 761 2051 le
789 1982 950 2050 libellum
972 1974 1149 2074 Agendae
1170 1978 1286 2063 titulo,

295 2082 360 2177 qui
376 2078 465 2151 mihi
478 2084 604 2172 placet.
654 2080 694 2152 Si
711 2083 749 2150 in
765 2078 970 2151 huiusmodi
985 2083 1109 2151 lormis
1131 2105 1170 2148 ac
1193 2080 1287 2170 poli-

294 2185 354 2256 tiis
375 2185 537 2254 ecclesiae
558 2184 661 2252 etiam
679 2184 851 2252 iudicium
868 2184 1138 2252 ecclesiasticum
1153 2181 1286 2249 consti-

294 2285 349 2355 tui
370 2299 506 2375 posset,
546 2299 585 2353 ut
605 2284 734 2353 alicubi
761 2280 926 2353 inchoata
950 2309 1004 2353 res
1026 2298 1096 2368 est,
1133 2281 1286 2351 exerceri

296 2385 462 2478 privatim
485 2386 523 2452 in
544 2386 703 2474 singulos
724 2398 946 2454 contumaces
969 2385 1285 2454 excommunicatio

294 2499 424 2578 posset.
480 2484 584 2556 Nunc
606 2488 646 2553 in
668 2482 735 2554 hac
757 2486 986 2577 dissipatione
1009 2487 1173 2555 ecclesiae
1201 2485 1286 2553 satis

296 2599 366 2671 est,
407 2602 440 2657 te
461 2612 526 2677 pro
549 2587 721 2657 concione
748 2611 945 2678 proponere
973 2587 1284 2657 comminationem

295 2689 437 2759 divinae
459 2689 530 2756 irae
546 2703 580 2758 et
595 2712 788 2779 poenarum
804 2690 972 2757 adversus
988 2701 1230 2769 contumaces,
1251 2700 1286 2756 et

294 2790 461 2882 privatim
483 2774 549 2859 eos⁸
562 2813 681 2858 arcere
702 2812 722 2857 a
738 2813 846 2859 coena
860 2789 1016 2872 domini,
1043 2789 1071 2855 si
1090 2787 1153 2879 qui
1168 2800 1286 2853 tamen

295 2894 340 2962 ad
365 2916 440 2960 earn
463 2890 626 2960 accedere
649 2890 792 2974 volunt;
832 2914 914 2959 nam
945 2889 1049 2957 multi
1079 2878 1287 2979 αὐτοκατά-

295 3018 413 3084 κριτοι
435 2993 641 3083 relinquunt
663 2992 855 3063 ecclesiam.
905 2988 1073 3058 Carmina
1089 2988 1186 3056 brevi
1203 2988 1285 3055 mit-

297 3108 381 3163 tam.
432 3092 486 3159 Te
501 3092 627 3158 vellem
643 3117 787 3180 prorsus
802 3086 894 3159 nihil
911 3092 1127 3180 respondere
1144 3089 1287 3155 insulsis

298 3191 484 3282 poetastris
498 3186 735 3286 Bar⁷aricis*).
785 3190 883 3261 Bene
899 3193 988 3264 vale.
1014 3191 1125 3280 dea.
1137 3186 1287 3260 Octobr.

302 3285 482 3388 aaran)

731 3528 1280 3543 --m

297 3688 363 3759 No.
377 3687 489 3759 2786.

303 3784 476 3813 Μ

380 3870 600 3955 Iudicium
621 3871 675 3954 de
695 3877 964 3981 impositione
985 3888 1217 3957 munuum.''

1121 3694 1204 3770 (eod.
1221 3691 1269 3769 a.)

1109 3780 1281 3811 m

366 4048 476 4103 Editum
491 4067 505 4100 a
518 4046 627 4101 Perelio
641 4049 668 4100 in
680 4048 810 4102 Melanch.
825 4049 929 4105 consil.
944 4051 989 4103 lat.
1004 4048 1035 4103 P.
1047 4049 1068 4103 Ι.
1083 4068 1108 4120 p.
1122 4047 1242 4117 Siosqq.
1253 4077 1289 4087 -

401 4117 588 4189 Apographon
608 4116 636 4168 in
656 4118 718 4170 cod.
740 4117 850 4171 Monac.
867 4118 913 4176 ll.¹
925 4137 952 4189 p.
966 4119 1024 4173 167.
1044 4147 1079 4158 -
1115 4118 1230 4169 Missum
1250 4123 1290 4168 est

401 4186 455 4240 boc
481 4186 612 4306 scriptum
638 4184 670 4237 ad
690 4183 781 4237 Vitum
798 4184 973 4239 Theodorum
997 4205 1061 4242 cum
1081 4186 1192 4258 epistola
1213 4184 1239 4238 d.
1261 4185 1288 4238 d.

400 4256 443 4309 25.
461 4252 534 4307 Octo
555 4272 578 4305 r.
616 4319 624 4328 .

188 4425 218 4514 λ’
298 4409 482 4507 Scriptum
512 4403 732 4503 Philippi
762 4406 806 4479 de
839 4409 1069 4507 impositione
1098 4435 1289 4484 manuum.

356 4510 422 4582 Ad
449 4510 493 4584 V
496 4511 607 4581 itum
632 4498 935 4596 Theodorum,
960 4507 1232 4606 Ann01540.¹)

296 4638 343 4720 ln
365 4642 513 4715 historia
537 4640 780 4712 Ecclesiastica
804 4640 951 4713 Eusebii
972 4646 1036 4717 lib.
1050 4644 1085 4717 6.
1109 4666 1186 4734 pag.
1203 4641 1288 4715 144.

298 4732 467 4819 iecitatur
498 4744 644 4836 epistola
665 4742 834 4836 Episcopi
860 4741 1209 4839 Hierosolymorum,
1249 4746 1288 4812 in

299 4875 367 4944 qua
409 4848 533 4916 multis
563 4846 730 4935 exemplis
762 4847 964 4916 defenditur
993 4842 1192 4936 Origenes,
1227 4846 1285 4938 qui

300 4950 594 5032 concionabatur,
633 4972 712 5015 curn
736 4971 809 5015 non
832 4963 921 5019 esset
944 4961 1165 5018 consecratus
1189 4971 1287 5015 more

304 5143 522 5158 *κ’-

333 5259 363 5328 ⁸)
384 5258 446 5313 Vid.
459 5276 539 5328 cupra
552 5275 593 5327 ep.
607 5255 639 5309 ad
652 5252 756 5306 Tbeod.
769 5252 795 5307 d.
810 5253 851 5307 12.
864 5251 928 5306 Oct.
941 5239 968 5306 li.
982 5271 1006 5306 a.

171 5325 183 5354 ⁹
332 5342 382 5414 *¹⁸7
403 5340 548 5410 Adscripta
561 5347 624 5394 runt
637 5339 664 5391 in
680 5336 835 5417 apographo
848 5335 960 5389 Monac.
972 5333 1056 5389 bacca

438 5411 475 5463 Ex
489 5410 573 5463 literis
585 5406 743 5476 Crucigcrr,
761 5424 831 5475 quae
845 5415 921 5457 crant
933 5404 973 5457 bis
988 5403 1144 5459 adiunctaea

251 5501 254 5508 ·
369 5479 462 5535 Nostri
474 5480 526 5532 iam
542 5476 675 5546 incipiunt
688 5478 790 5529 altram
802 5473 837 5528 cd
849 5470 936 5546 arrepci
953 5481 979 5526 et
1000 5491 1130 5544 quaerere
1148 5474 1199 5530 alia
1216 5492 1287 5531 con·

369 5550 437 5605 eilia.
472 5549 615 5614 Pnotppus
630 5553 721 5597 noster
741 5562 770 5597 er
790 5545 902 5597 somniis
920 5553 945 5595 ct
964 5539 1023 5596 aliis
1037 5544 1203 5598 coniecturis
1217 5546 1286 5600 rati·

369 5620 477 5673 sinatur
490 5617 522 5668 dc
536 5611 764 5682 disputationibus
776 5611 805 5666 in
818 5621 969 5683 concentu,
995 5629 1079 5682 quare
1095 5613 1216 5668 fortassis
1234 5615 1287 5668 acl·

369 5688 505 5742 ducentur
518 5682 564 5737 nti
575 5685 603 5737 nl
614 5678 753 5751 θιόὶογοι.

337 5772 364 5840 1)
383 5770 415 5823 ln
431 5766 552 5834 catalogo
565 5763 663 5819 consil.
677 5762 826 5834 Meleona,
848 5763 877 5815 in
896 5760 949 5817 linc
967 5761 1101 5817 :Perelio
1116 5763 1224 5837 addito,
1241 5785 1287 5820 re-

369 5838 456 5892 icrtur
467 5835 521 5889 boc
533 5834 664 5888 iudicium
677 5832 710 5886 ad
722 5851 824 5887 annunt
838 5832 913 5887 1⁵42
934 5831 983 5886 Est
994 5850 1061 5888 vero
1071 5832 1202 5905 scriptum
1213 5854 1288 5891 anno

212 5966 218 5972 μ
302 5906 480 6054 Μηιιόῗὲι.
496 5982 601 6048 Ona.
614 5980 697 6044 Vor..
711 5978 754 6042 V.

1337 1947 1539 2031 constituit,
1571 1962 1608 2019 ut
1631 1951 1769 2019 diaconi
1793 1953 1997 2023 absentibus
2016 1957 2228 2049 presbyteris
2245 1985 2326 2029 coe-

1337 2070 1421 2114 nam
1442 2044 1590 2116 Domini
1613 2052 1872 2126 administrent.
1928 2054 2098 2125 Nondum
2121 2058 2230 2147 igitur
2251 2077 2326 2134 erat

1335 2148 1531 2237 persuasio,
1570 2151 1614 2219 de
1636 2167 1805 2244 potestate
1828 2158 1992 2224 mutandi
2013 2182 2159 2249 panem,
2197 2162 2327 2233 tradita

1336 2264 1429 2318 certo
1449 2249 1584 2337 gradui.

1436 2347 1544 2428 Haec⁴
1560 2346 1726 2427 historica
1757 2351 1846 2424 mihi
1871 2357 2013 2447 quidem
2036 2373 2132 2446 grata
2157 2375 2257 2445 sunt,
2291 2379 2326 2435 et

1335 2473 1392 2518 me
1425 2450 1603 2521 interdurn
1638 2456 1849 2525 confirmant
1879 2459 2114 2549 disputantem
2150 2463 2188 2529 in
2227 2478 2326 2535 tanta

1337 2564 1534 2642 temporum
1558 2555 1764 2624 confusione
1787 2560 1831 2624 de
1853 2560 1963 2627 veteri
1983 2562 2226 2649 ordinatione,
2253 2566 2326 2635 sive

1337 2652 1508 2723 electione
1522 2655 1780 2725 ministrorum.

1437 2754 1541 2823 Nunc
1575 2759 1753 2847 persuasio
1787 2760 2021 2849 receptissima
2049 2776 2100 2832 est
2122 2762 2327 2837 Pontificiae

1336 2854 1460 2943 partis:
1501 2851 1708 2925 Ecclesiam
1733 2858 1845 2926 talem
1865 2857 2039 2955 politium
2062 2887 2155 2948 csse,
2189 2865 2228 2935 in
2253 2892 2327 2965 qua

1338 2976 1441 3021 nemo
1465 2952 1846 3047 potcstotcm'‚habcat
1880 2956 2033 3031 docendi
2058 2963 2222 3059 publice,
2247 2975 2328 3044 'aut

1338 3051 1636 3124 administrandi
1659 3080 1804 3126 coenam
1826 3055 2004 3146 Domini,
2043 3063 2122 3133 nisi
2142 3089 2329 3140 conscera-

1339 3163 1396 3222 tus
1419 3154 1468 3222 sit
1489 3154 1537 3222 ab
1557 3154 1742 3253 Episcopo
1767 3168 1903 3227 tenente
1926 3159 2095 3248 titolum„
2126 3175 2158 3234 ct
2182 3166 2327 3263 quidem

1339 3281 1362 3323 a
1388 3249 1563 3348 Pontistcc
1584 3254 1759 3336 Romano
1785 3270 1978 3356 acceptum.
2034 3264 2140 3336 Hunc
2164 3273 2328 3340 ordinem
2440 3253 2445 3261 ι

1339 3371 1466 3426 vocant
1493 3362 1746 3446 successionem
1771 3363 1989 3431 ordinariam
2011 3379 2046 3435 et
2066 3392 2155 3457 pene
2178 3369 2330 3444 Levitici

1339 3460 1522 3528 sacerdotii
1541 3456 1741 3553 κακοζηλία
1758 3476 1821 3535 est.

1440 3558 1538 3647 Quid
1562 3563 1649 3632 velit
1674 3576 1756 3632 tuus
1780 3564 1932 3654 collega,
1954 3567 2089 3638 nescio:
2116 3567 2186 3641 Sed
2211 3588 2328 3647 tamen

1339 3684 1414 3727 non
1430 3662 1576 3752 opinor,
1609 3688 1689 3731 curn
1705 3666 1894 3734 defendere
1908 3667 1985 3736 illas
2001 3671 2188 3759 opiniones
2204 3674 2329 3747 Ponti·

1339 3762 1452 3844 ficias,
1477 3789 1564 3856 quas
1582 3766 1611 3833 si
1627 3766 1799 3851 tuebitur,
1824 3791 1916 3835 nova
1934 3784 2039 3839 erunt
2054 3786 2089 3841 et
2104 3775 2236 3845 maiora
2252 3803 2330 3847 cer-

1339 3864 1483 3934 tamina.

1441 3962 1566 4033 Dicam
1583 3980 1700 4040 autem
1715 3966 1861 4049 ordine,
1894 3973 2035 4061 quaein
2055 3974 2225 4044 ministris
2242 4000 2329 4049 con·

1340 4064 1528 4136 stituendis
1544 4069 1735 4135 necessaria
1753 4069 1840 4138 sint:
1876 4068 2022 4142 Vocatio
2045 4096 2105 4144 seu
2127 4077 2248 4147 electio
2265 4106 2329 4150 ne-

1339 4165 1486 4235 cessaria
1503 4181 1565 4240 est.
1616 4165 1718 4237 Hanc
1732 4168 1864 4241 Paulus
1881 4175 2027 4243 mandat
2044 4173 2144 4256 Tito:
2178 4166 2331 4248 Consti-

1340 4276 1397 4336 tue
1409 4265 1654 4364 presbyteros:
1688 4268 1812 4338 Postea
1833 4272 1931 4338 vides
1947 4274 1985 4341 in
2002 4277 2256 4363 probatissimis
2271 4277 2329 4351 hi-

1339 4370 1457 4437 storiis
1472 4370 1578 4436 fuisse
1593 4368 1827 4436 universalem
1843 4396 1978 4439 morem
1993 4376 2127 4466 primae
2141 4374 2329 4470 Ecclesiae,

1340 4470 1443 4557 eligi,
1476 4468 1513 4534 id
1538 4485 1605 4543 est,
1639 4471 1756 4536 vocari
1774 4466 1968 4562 Episcopus
1990 4501 2052 4566 per
2074 4480 2265 4568 populum,
2291 4486 2328 4555 id

1340 4582 1409 4647 est,
1443 4562 1747 4661 lronestissimos²)
1774 4565 1935 4642 homines
1957 4576 1995 4643 in
2019 4578 2167 4668 singulis
2192 4587 2330 4655 ordini-

1338 4671 1415 4740 bus.
1466 4664 1514 4739 Et
1545 4663 1661 4768 adhuc
1692 4671 1878 4761 vestigium
1912 4678 2022 4747 moris
2055 4660 2192 4769 manet,
2231 4691 2328 4780 quod

1338 4766 1506 4862 Episcopi
1521 4794 1542 4838 a
1559 4770 1714 4858 collegiis
1730 4773 1919 4861 eliguntur.

1356 4948 1363 4969 ·
1441 4870 1500 4940 Sic
1525 4894 1621 4939 nrrnc
1642 4888 1815 4943 vocantur
1830 4876 1984 4946 ministri
2002 4878 2039 4947 in
2058 4886 2187 4955 nostris
2202 4882 2326 4962 Eccle-

1338 4972 1416 5056 siis,
1449 4973 1504 5040 vel
1528 4996 1589 5061 per
1604 4970 1806 5064 Principes,
1836 4978 1893 5045 vel
1916 5002 1979 5067 per
1998 4980 2167 5055 Senatum
2192 4989 2230 5057 in
2251 4989 2326 5064 Re.

1340 5069 1525 5166 bnspnb.’)
1576 5070 1625 5143 Et
1646 5088 1698 5144 est
1717 5078 1774 5166 pia
1795 5089 1830 5145 et
1849 5078 1939 5147 iusta
1956 5083 2105 5158 vocatio.
2157 5087 2326 5187 Princeps

1339 5189 1372 5243 et
1397 5170 1583 5245 Senatores
1606 5177 1794 5267 dupliciter
1815 5173 1947 5248 habent
1970 5182 2025 5251 ius
2047 5192 2213 5259 vocandi:
2250 5197 2326 5286 pri.

1338 5301 1457 5359 mum,
1487 5277 1569 5368 quia
1592 5294 1778 5366 praesunt,
1812 5292 1845 5347 et
1864 5280 1943 5349 vult
1959 5279 2054 5351 Deus
2072 5290 2325 5375 gubernatores

1338 5400 1459 5446 curare
1467 5374 1498 5472 ⁴)
1511 5378 1748 5446 'ministerium
1763 5377 1966 5468 Evangelii:
1991 5382 2130 5459 Deinde
2146 5394 2229 5484 quia
2242 5414 2325 5470 sunt

1339 5479 1523 5569 praecipua
1543 5481 1700 5548 membra
1714 5476 1903 5554 Ecclesiae.
2211 5471 2215 5484 ⁸

1371 5734 1400 5795 Ξ)
1420 5733 1490 5789 cod.
1504 5732 1613 5787 Monac.
1632 5730 1713 5805 eligi,
1729 5736 1759 5788 id
1771 5743 1814 5788 est
1824 5752 1877 5801 per
1888 5739 2070 5794 honestiores.

1372 5819 1399 5885 3)
1421 5817 1492 5873 Cod.
1506 5816 1618 5871 Monac.
1635 5820 1681 5870 vei
1691 5820 1849 5876 Senatuum
1862 5839 1935 5875 vnce.

1263 5955 1267 5971 ,
1372 5904 1401 5970 t)
1419 5900 1735 5960 connuncupare.

1477 5974 1523 6045 tt
