<?xml version="1.0" encoding="UTF-8"?>
<!DOCTYPE html PUBLIC "-//W3C//DTD XHTML 1.0 Transitional//EN"
    "http://www.w3.org/TR/xhtml1/DTD/xhtml1-transitional.dtd">
<html xmlns="http://www.w3.org/1999/xhtml" xml:lang="en" lang="en">
 <head>
  <title>
</title>
<meta http-equiv="Content-Type" content="text/html;charset=utf-8" />
  <meta name='ocr-system' content='tesseract 3.04.00' />
  <meta name='ocr-capabilities' content='ocr_page ocr_carea ocr_par ocr_line ocrx_word'/>
</head>
<body>
  <div class='ocr_page' id='page_1' title='image "./philippimelanth10melagoog_0225.png"; bbox 0 0 5325 6917; ppageno 0'>
   <div class='ocr_carea' id='block_1_1' title="bbox 252 560 853 586">
    <p class='ocr_par' dir='ltr' id='par_1_1' title="bbox 252 560 853 586">
     <span class='ocr_line' id='line_1_1' title="bbox 252 560 853 586; baseline 0.017 -21"><span class='ocrx_word' id='word_1_1' title='bbox 252 567 265 572; x_wconf 77' lang='grc'>-</span> <span class='ocrx_word' id='word_1_2' title='bbox 282 560 372 572; x_wconf 71' lang='grc' dir='ltr'>Ι,,,.---</span> <span class='ocrx_word' id='word_1_3' title='bbox 388 563 775 584; x_wconf 41' lang='lat' dir='ltr'>w-w-·-.,*</span> <span class='ocrx_word' id='word_1_4' title='bbox 789 577 816 586; x_wconf 57' lang='grc'>.-</span> <span class='ocrx_word' id='word_1_5' title='bbox 843 573 853 580; x_wconf 69' lang='grc'>,</span> 
     </span>
    </p>
   </div>
   <div class='ocr_carea' id='block_1_2' title="bbox 306 766 2336 865">
    <p class='ocr_par' dir='ltr' id='par_1_2' title="bbox 306 766 2336 865">
     <span class='ocr_line' id='line_1_2' title="bbox 306 766 2336 865; baseline 0.006 -20"><span class='ocrx_word' id='word_1_6' title='bbox 306 778 382 863; x_wconf 73' lang='grc'>415</span> <span class='ocrx_word' id='word_1_7' title='bbox 874 766 1313 865; x_wconf 57' lang='grc' dir='ltr'>ΕΡΙδΤΟῙιΑΙὶῦΜ</span> <span class='ocrx_word' id='word_1_8' title='bbox 1360 768 1468 848; x_wconf 76' lang='lat' dir='ltr'>utu.</span> <span class='ocrx_word' id='word_1_9' title='bbox 1501 772 1568 851; x_wconf 87' lang='lat' dir='ltr'>IX.</span> <span class='ocrx_word' id='word_1_10' title='bbox 1620 772 1749 854; x_wconf 76' lang='lat'>1544.</span> <span class='ocrx_word' id='word_1_11' title='bbox 2259 783 2336 858; x_wconf 80' lang='lat'>416</span> 
     </span>
    </p>
   </div>
   <div class='ocr_carea' id='block_1_3' title="bbox 305 938 2339 2051">
    <p class='ocr_par' dir='ltr' id='par_1_3' title="bbox 305 938 2339 1854">
     <span class='ocr_line' id='line_1_3' title="bbox 407 938 2336 1046; baseline 0.001 -25"><span class='ocrx_word' id='word_1_12' title='bbox 407 944 681 1021; x_wconf 88' lang='lat' dir='ltr'>luterCarolum</span> <span class='ocrx_word' id='word_1_13' title='bbox 695 957 729 1015; x_wconf 93' lang='lat' dir='ltr'>et</span> <span class='ocrx_word' id='word_1_14' title='bbox 742 968 857 1036; x_wconf 78' lang='lat' dir='ltr'>regem</span> <span class='ocrx_word' id='word_1_15' title='bbox 865 940 1040 1013; x_wconf 90' lang='lat' dir='ltr'>Danicum</span> <span class='ocrx_word' id='word_1_16' title='bbox 1055 942 1158 1014; x_wconf 91' lang='lat' dir='ltr'>aiunt</span> <span class='ocrx_word' id='word_1_17' title='bbox 1173 964 1295 1035; x_wconf 87' lang='lat' dir='ltr'><strong>pacem</strong></span> <span class='ocrx_word' id='word_1_18' title='bbox 1345 938 1419 1013; x_wconf 89' lang='lat' dir='ltr'>ciae</span> <span class='ocrx_word' id='word_1_19' title='bbox 1438 943 1577 1019; x_wconf 89' lang='lat' dir='ltr'>accidit.</span> <span class='ocrx_word' id='word_1_20' title='bbox 1628 943 1699 1017; x_wconf 85' lang='lat' dir='ltr'>Sed</span> <span class='ocrx_word' id='word_1_21' title='bbox 1721 970 1867 1037; x_wconf 80' lang='lat' dir='ltr'>suggero</span> <span class='ocrx_word' id='word_1_22' title='bbox 1885 943 1976 1019; x_wconf 89' lang='lat' dir='ltr'>mibi</span> <span class='ocrx_word' id='word_1_23' title='bbox 1997 950 2095 1022; x_wconf 90' lang='lat' dir='ltr'>illam</span> <span class='ocrx_word' id='word_1_24' title='bbox 2113 977 2234 1025; x_wconf 83' lang='lat' dir='ltr'>vocem</span> <span class='ocrx_word' id='word_1_25' title='bbox 2253 979 2336 1046; x_wconf 89' lang='lat' dir='ltr'>pro-</span> 
     </span>
     <span class='ocr_line' id='line_1_4' title="bbox 306 1037 2336 1146; baseline 0.001 -21"><span class='ocrx_word' id='word_1_26' title='bbox 306 1056 433 1126; x_wconf 84' lang='lat' dir='ltr'>laetam</span> <span class='ocrx_word' id='word_1_27' title='bbox 451 1073 538 1123; x_wconf 83' lang='lat' dir='ltr'>esse.</span> <span class='ocrx_word' id='word_1_28' title='bbox 595 1046 668 1119; x_wconf 83' lang='lat' dir='ltr'>Sed</span> <span class='ocrx_word' id='word_1_29' title='bbox 688 1042 774 1116; x_wconf 89' lang='lat' dir='ltr'>baec</span> <span class='ocrx_word' id='word_1_30' title='bbox 797 1045 971 1134; x_wconf 80' lang='lat' dir='ltr'>intelliget</span> <span class='ocrx_word' id='word_1_31' title='bbox 991 1041 1084 1121; x_wconf 90' lang='lat' dir='ltr'>Cels.</span> <span class='ocrx_word' id='word_1_32' title='bbox 1109 1070 1143 1119; x_wconf 90' lang='lat' dir='ltr'>v.</span> <span class='ocrx_word' id='word_1_33' title='bbox 1168 1044 1297 1115; x_wconf 89' lang='lat' dir='ltr'>certius</span> <span class='ocrx_word' id='word_1_34' title='bbox 1346 1037 1488 1134; x_wconf 85' lang='lat' dir='ltr'>phetae:</span> <span class='ocrx_word' id='word_1_35' title='bbox 1516 1043 1610 1115; x_wconf 90' lang='lat' dir='ltr'>Iram</span> <span class='ocrx_word' id='word_1_36' title='bbox 1631 1045 1700 1118; x_wconf 91' lang='lat' dir='ltr'>Dei</span> <span class='ocrx_word' id='word_1_37' title='bbox 1722 1050 1921 1136; x_wconf 89' lang='lat' dir='ltr'>sustinebo,</span> <span class='ocrx_word' id='word_1_38' title='bbox 1946 1053 2028 1146; x_wconf 87' lang='lat' dir='ltr'>quia</span> <span class='ocrx_word' id='word_1_39' title='bbox 2052 1058 2193 1146; x_wconf 89' lang='lat' dir='ltr'>peccavi</span> <span class='ocrx_word' id='word_1_40' title='bbox 2216 1056 2269 1139; x_wconf 92' lang='lat' dir='ltr'>ei,</span> <span class='ocrx_word' id='word_1_41' title='bbox 2298 1047 2336 1127; x_wconf 88' lang='lat' dir='ltr'>ac</span> 
     </span>
     <span class='ocr_line' id='line_1_5' title="bbox 307 1142 2336 1243; baseline 0.007 -30"><span class='ocrx_word' id='word_1_42' title='bbox 307 1181 349 1228; x_wconf 67' lang='lat'>01</span> <span class='ocrx_word' id='word_1_43' title='bbox 366 1153 456 1227; x_wconf 70' lang='lat' dir='ltr'>aliis,</span> <span class='ocrx_word' id='word_1_44' title='bbox 1346 1168 1409 1214; x_wconf 92' lang='lat' dir='ltr'>oro</span> <span class='ocrx_word' id='word_1_45' title='bbox 1425 1142 1559 1234; x_wconf 90' lang='lat' dir='ltr'>Deum,</span> <span class='ocrx_word' id='word_1_46' title='bbox 1581 1162 1622 1218; x_wconf 92' lang='lat' dir='ltr'>ut</span> <span class='ocrx_word' id='word_1_47' title='bbox 1645 1143 1730 1219; x_wconf 92' lang='lat' dir='ltr'>baec</span> <span class='ocrx_word' id='word_1_48' title='bbox 1753 1152 1858 1220; x_wconf 88' lang='lat' dir='ltr'>nobis</span> <span class='ocrx_word' id='word_1_49' title='bbox 1881 1153 1969 1223; x_wconf 89' lang='lat' dir='ltr'>mala</span> <span class='ocrx_word' id='word_1_50' title='bbox 1994 1155 2143 1243; x_wconf 83' lang='lat' dir='ltr'>mitiget.</span> <span class='ocrx_word' id='word_1_51' title='bbox 2196 1156 2336 1227; x_wconf 77' lang='lat' dir='ltr'><strong>Fuisset</strong></span> 
     </span>
     <span class='ocr_line' id='line_1_6' title="bbox 405 1243 2336 1351; baseline 0.001 -27"><span class='ocrx_word' id='word_1_52' title='bbox 405 1252 502 1325; x_wconf 90' lang='lat' dir='ltr'>Deus</span> <span class='ocrx_word' id='word_1_53' title='bbox 522 1262 622 1343; x_wconf 88' lang='lat' dir='ltr'>pater</span> <span class='ocrx_word' id='word_1_54' title='bbox 634 1245 773 1319; x_wconf 89' lang='lat' dir='ltr'>domini</span> <span class='ocrx_word' id='word_1_55' title='bbox 795 1247 908 1317; x_wconf 80' lang='lat' dir='ltr'><strong>nostri</strong></span> <span class='ocrx_word' id='word_1_56' title='bbox 928 1245 1009 1318; x_wconf 91' lang='lat' dir='ltr'>Iesu</span> <span class='ocrx_word' id='word_1_57' title='bbox 1025 1243 1161 1319; x_wconf 82' lang='lat' dir='ltr'>Christi</span> <span class='ocrx_word' id='word_1_58' title='bbox 1180 1257 1297 1317; x_wconf 85' lang='lat' dir='ltr'>custos</span> <span class='ocrx_word' id='word_1_59' title='bbox 1346 1246 1581 1317; x_wconf 87' lang='lat' dir='ltr'>rectissimum</span> <span class='ocrx_word' id='word_1_60' title='bbox 1605 1249 1666 1335; x_wconf 93' lang='lat' dir='ltr'>id,</span> <span class='ocrx_word' id='word_1_61' title='bbox 1692 1253 1786 1345; x_wconf 92' lang='lat' dir='ltr'>quod</span> <span class='ocrx_word' id='word_1_62' title='bbox 1810 1248 1899 1321; x_wconf 84' lang='lat' dir='ltr'>mibi</span> <span class='ocrx_word' id='word_1_63' title='bbox 1915 1256 2070 1345; x_wconf 85' lang='lat' dir='ltr'>placebat</span> <span class='ocrx_word' id='word_1_64' title='bbox 2079 1252 2127 1351; x_wconf 73' lang='lat'>⁸²).</span> <span class='ocrx_word' id='word_1_65' title='bbox 2178 1256 2250 1328; x_wconf 85' lang='lat' dir='ltr'>Sed</span> <span class='ocrx_word' id='word_1_66' title='bbox 2278 1259 2336 1326; x_wconf 90' lang='lat' dir='ltr'>ni-</span> 
     </span>
     <span class='ocr_line' id='line_1_7' title="bbox 306 1340 2337 1458; baseline 0 -30"><span class='ocrx_word' id='word_1_67' title='bbox 306 1352 484 1428; x_wconf 86' lang='lat' dir='ltr'>Ecclesiae</span> <span class='ocrx_word' id='word_1_68' title='bbox 501 1375 605 1443; x_wconf 89' lang='lat' dir='ltr'>suae,</span> <span class='ocrx_word' id='word_1_69' title='bbox 629 1363 663 1421; x_wconf 92' lang='lat' dir='ltr'>et</span> <span class='ocrx_word' id='word_1_70' title='bbox 674 1349 892 1443; x_wconf 90' lang='lat' dir='ltr'>politiarum,</span> <span class='ocrx_word' id='word_1_71' title='bbox 906 1340 1008 1445; x_wconf 58' lang='lat' dir='ltr'>&#39;quae</span> <span class='ocrx_word' id='word_1_72' title='bbox 1024 1349 1195 1441; x_wconf 77' lang='lat' dir='ltr'>praebent</span> <span class='ocrx_word' id='word_1_73' title='bbox 1212 1342 1297 1416; x_wconf 89' lang='lat' dir='ltr'>bos-</span> <span class='ocrx_word' id='word_1_74' title='bbox 1345 1341 1398 1416; x_wconf 92' lang='lat' dir='ltr'>hil</span> <span class='ocrx_word' id='word_1_75' title='bbox 1413 1348 1512 1419; x_wconf 89' lang='lat' dir='ltr'>volui</span> <span class='ocrx_word' id='word_1_76' title='bbox 1526 1350 1640 1421; x_wconf 87' lang='lat' dir='ltr'>facere</span> <span class='ocrx_word' id='word_1_77' title='bbox 1660 1346 1952 1458; x_wconf 66' lang='lat' dir='ltr'>poectxoisepou,</span> <span class='ocrx_word' id='word_1_78' title='bbox 1976 1368 2012 1425; x_wconf 90' lang='lat' dir='ltr'>et</span> <span class='ocrx_word' id='word_1_79' title='bbox 2030 1358 2193 1427; x_wconf 79' lang='lat' dir='ltr'>videbam</span> <span class='ocrx_word' id='word_1_80' title='bbox 2219 1384 2337 1452; x_wconf 90' lang='lat' dir='ltr'>quan-</span> 
     </span>
     <span class='ocr_line' id='line_1_8' title="bbox 305 1444 2338 1553; baseline 0.002 -28"><span class='ocrx_word' id='word_1_81' title='bbox 305 1457 394 1550; x_wconf 90' lang='lat' dir='ltr'>pitia</span> <span class='ocrx_word' id='word_1_82' title='bbox 408 1453 586 1539; x_wconf 87' lang='lat' dir='ltr'>Ecclesiis,</span> <span class='ocrx_word' id='word_1_83' title='bbox 601 1467 714 1525; x_wconf 88' lang='lat' dir='ltr'>servet</span> <span class='ocrx_word' id='word_1_84' title='bbox 731 1447 823 1524; x_wconf 89' lang='lat' dir='ltr'>Cels.</span> <span class='ocrx_word' id='word_1_85' title='bbox 837 1477 871 1521; x_wconf 88' lang='lat' dir='ltr'>v.</span> <span class='ocrx_word' id='word_1_86' title='bbox 887 1451 1101 1521; x_wconf 90' lang='lat' dir='ltr'>incolumem</span> <span class='ocrx_word' id='word_1_87' title='bbox 1118 1444 1152 1520; x_wconf 83' lang='lat' dir='ltr'>et</span> <span class='ocrx_word' id='word_1_88' title='bbox 1167 1450 1297 1539; x_wconf 80' lang='lat' dir='ltr'>guber·</span> <span class='ocrx_word' id='word_1_89' title='bbox 1345 1461 1422 1518; x_wconf 92' lang='lat' dir='ltr'>tum</span> <span class='ocrx_word' id='word_1_90' title='bbox 1435 1453 1664 1524; x_wconf 80' lang='lat' dir='ltr'>contenderes</span> <span class='ocrx_word' id='word_1_91' title='bbox 1682 1477 1726 1522; x_wconf 92' lang='lat' dir='ltr'>ne</span> <span class='ocrx_word' id='word_1_92' title='bbox 1741 1455 1850 1528; x_wconf 89' lang='lat' dir='ltr'>fieret.</span> <span class='ocrx_word' id='word_1_93' title='bbox 1887 1454 1941 1526; x_wconf 87' lang='lat' dir='ltr'>Te</span> <span class='ocrx_word' id='word_1_94' title='bbox 1957 1458 2070 1527; x_wconf 92' lang='lat' dir='ltr'>movit</span> <span class='ocrx_word' id='word_1_95' title='bbox 2084 1459 2208 1528; x_wconf 90' lang='lat' dir='ltr'>umbra</span> <span class='ocrx_word' id='word_1_96' title='bbox 2224 1485 2338 1553; x_wconf 89' lang='lat' dir='ltr'>quae·</span> 
     </span>
     <span class='ocr_line' id='line_1_9' title="bbox 305 1548 2339 1647; baseline 0.002 -20"><span class='ocrx_word' id='word_1_97' title='bbox 305 1570 367 1628; x_wconf 93' lang='lat' dir='ltr'>net</span> <span class='ocrx_word' id='word_1_98' title='bbox 379 1582 457 1630; x_wconf 85' lang='lat' dir='ltr'>eam</span> <span class='ocrx_word' id='word_1_99' title='bbox 473 1579 620 1646; x_wconf 84' lang='lat' dir='ltr'>semper.</span> <span class='ocrx_word' id='word_1_100' title='bbox 671 1552 782 1625; x_wconf 91' lang='lat' dir='ltr'>Datae</span> <span class='ocrx_word' id='word_1_101' title='bbox 801 1552 1036 1643; x_wconf 81' lang='lat' dir='ltr'>Witebergae</span> <span class='ocrx_word' id='word_1_102' title='bbox 1053 1552 1110 1621; x_wconf 93' lang='lat' dir='ltr'>die</span> <span class='ocrx_word' id='word_1_103' title='bbox 1126 1548 1226 1621; x_wconf 85' lang='lat' dir='ltr'>x111.</span> <span class='ocrx_word' id='word_1_104' title='bbox 1237 1548 1297 1619; x_wconf 67' lang='lat' dir='ltr'>lu·</span> <span class='ocrx_word' id='word_1_105' title='bbox 1345 1550 1427 1619; x_wconf 91' lang='lat' dir='ltr'>dam</span> <span class='ocrx_word' id='word_1_106' title='bbox 1444 1556 1514 1623; x_wconf 87' lang='grc' dir='ltr'>τοῦ</span> <span class='ocrx_word' id='word_1_107' title='bbox 1527 1557 1655 1640; x_wconf 87' lang='grc' dir='ltr'><strong><em>καλοῦ,</em></strong></span> <span class='ocrx_word' id='word_1_108' title='bbox 1681 1579 1737 1624; x_wconf 90' lang='lat' dir='ltr'>me</span> <span class='ocrx_word' id='word_1_109' title='bbox 1753 1569 1875 1626; x_wconf 92' lang='lat' dir='ltr'>contra</span> <span class='ocrx_word' id='word_1_110' title='bbox 1890 1580 2054 1647; x_wconf 83' lang='lat' dir='ltr'>magnae,</span> <span class='ocrx_word' id='word_1_111' title='bbox 2074 1560 2134 1628; x_wconf 88' lang='lat' dir='ltr'>sed</span> <span class='ocrx_word' id='word_1_112' title='bbox 2152 1561 2339 1631; x_wconf 87' lang='lat' dir='ltr'>obscurio·</span> 
     </span>
     <span class='ocr_line' id='line_1_10' title="bbox 305 1650 2337 1755; baseline 0.002 -26"><span class='ocrx_word' id='word_1_113' title='bbox 305 1682 365 1755; x_wconf 89' lang='lat' dir='ltr'>ny.</span> <span class='ocrx_word' id='word_1_114' title='bbox 417 1650 699 1750; x_wconf 80' lang='lat' dir='ltr'>Ann01544.⁶)</span> <span class='ocrx_word' id='word_1_115' title='bbox 771 1730 775 1736; x_wconf 67' lang='grc'><strong>,</strong></span> <span class='ocrx_word' id='word_1_116' title='bbox 1344 1674 1400 1721; x_wconf 89' lang='lat' dir='ltr'>res</span> <span class='ocrx_word' id='word_1_117' title='bbox 1415 1675 1556 1722; x_wconf 89' lang='lat' dir='ltr'>caussae</span> <span class='ocrx_word' id='word_1_118' title='bbox 1571 1658 1771 1731; x_wconf 86' lang='lat' dir='ltr'>movebant.</span> <span class='ocrx_word' id='word_1_119' title='bbox 1823 1655 1873 1728; x_wconf 88' lang='lat' dir='ltr'>At</span> <span class='ocrx_word' id='word_1_120' title='bbox 1887 1662 1983 1751; x_wconf 90' lang='lat' dir='ltr'>quod</span> <span class='ocrx_word' id='word_1_121' title='bbox 1998 1660 2128 1731; x_wconf 84' lang='lat' dir='ltr'>iactum</span> <span class='ocrx_word' id='word_1_122' title='bbox 2145 1674 2214 1745; x_wconf 90' lang='lat' dir='ltr'>est,</span> <span class='ocrx_word' id='word_1_123' title='bbox 2240 1686 2337 1733; x_wconf 90' lang='lat' dir='ltr'>nuuc</span> 
     </span>
     <span class='ocr_line' id='line_1_11' title="bbox 622 1752 2336 1854; baseline 0.002 -25"><span class='ocrx_word' id='word_1_124' title='bbox 622 1754 837 1829; x_wconf 84' lang='lat' dir='ltr'>Celsitudini</span> <span class='ocrx_word' id='word_1_125' title='bbox 850 1768 985 1826; x_wconf 88' lang='lat' dir='ltr'>vestrae</span> <span class='ocrx_word' id='word_1_126' title='bbox 1346 1752 1490 1847; x_wconf 92' lang='lat' dir='ltr'>quidem</span> <span class='ocrx_word' id='word_1_127' title='bbox 1517 1752 1729 1850; x_wconf 79' lang='grc' dir='ltr'><strong><em>στερκτέον,</em></strong></span> <span class='ocrx_word' id='word_1_128' title='bbox 1767 1770 1802 1827; x_wconf 92' lang='lat' dir='ltr'>et</span> <span class='ocrx_word' id='word_1_129' title='bbox 1832 1756 1899 1829; x_wconf 91' lang='lat' dir='ltr'>Dei</span> <span class='ocrx_word' id='word_1_130' title='bbox 1929 1761 2100 1830; x_wconf 77' lang='lat' dir='ltr'>arixilium</span> <span class='ocrx_word' id='word_1_131' title='bbox 2138 1760 2336 1854; x_wconf 90' lang='lat' dir='ltr'>imploran-</span> 
     </span>
    </p>

    <p class='ocr_par' dir='ltr' id='par_1_4' title="bbox 812 1854 2335 2051">
     <span class='ocr_line' id='line_1_12' title="bbox 982 1854 1510 1925; baseline 0 0"><span class='ocrx_word' id='word_1_132' title='bbox 982 1854 1143 1925; x_wconf 89' lang='lat' dir='ltr'>addictus</span> <span class='ocrx_word' id='word_1_133' title='bbox 1342 1855 1432 1923; x_wconf 79' lang='lat' dir='ltr'>‘dum</span> <span class='ocrx_word' id='word_1_134' title='bbox 1448 1866 1510 1925; x_wconf 82' lang='lat' dir='ltr'>est.</span> 
     </span>
     <span class='ocr_line' id='line_1_13' title="bbox 812 1948 2335 2051; baseline 0.006 -24"><span class='ocrx_word' id='word_1_135' title='bbox 812 1952 1002 2049; x_wconf 84' lang='lat' dir='ltr'>Philippus</span> <span class='ocrx_word' id='word_1_136' title='bbox 1018 1948 1245 2027; x_wconf 88' lang='lat' dir='ltr'>Melanthon.</span> <span class='ocrx_word' id='word_1_137' title='bbox 1449 1952 1625 2025; x_wconf 75' lang='lat' dir='ltr'>Gallicam</span> <span class='ocrx_word' id='word_1_138' title='bbox 1647 1956 1829 2049; x_wconf 88' lang='lat' dir='ltr'>epistolam</span> <span class='ocrx_word' id='word_1_139' title='bbox 1851 1959 1918 2030; x_wconf 91' lang='lat' dir='ltr'>tibi</span> <span class='ocrx_word' id='word_1_140' title='bbox 1942 1960 2044 2032; x_wconf 89' lang='lat' dir='ltr'>mitto</span> <span class='ocrx_word' id='word_1_141' title='bbox 2069 1961 2145 2033; x_wconf 87' lang='lat' dir='ltr'>eius</span> <span class='ocrx_word' id='word_1_142' title='bbox 2160 1963 2249 2051; x_wconf 92' lang='lat' dir='ltr'>viri,</span> <span class='ocrx_word' id='word_1_143' title='bbox 2275 1990 2335 2036; x_wconf 91' lang='lat' dir='ltr'>cu-</span> 
     </span>
    </p>
   </div>
   <div class='ocr_carea' id='block_1_4' title="bbox 407 2054 2336 2261">
    <p class='ocr_par' dir='ltr' id='par_1_5' title="bbox 407 2054 2336 2261">
     <span class='ocr_line' id='line_1_14' title="bbox 595 2054 2336 2153; baseline 0.013 -37"><span class='ocrx_word' id='word_1_144' title='bbox 595 2120 602 2126; x_wconf 67' lang='grc'>,</span> <span class='ocrx_word' id='word_1_145' title='bbox 1346 2054 1402 2125; x_wconf 90' lang='lat' dir='ltr'>ius</span> <span class='ocrx_word' id='word_1_146' title='bbox 1419 2058 1663 2127; x_wconf 80' lang='lat' dir='ltr'>recordatione</span> <span class='ocrx_word' id='word_1_147' title='bbox 1680 2060 1844 2131; x_wconf 90' lang='lat' dir='ltr'>delectari</span> <span class='ocrx_word' id='word_1_148' title='bbox 1859 2077 1892 2133; x_wconf 92' lang='lat' dir='ltr'>tc</span> <span class='ocrx_word' id='word_1_149' title='bbox 1908 2061 2073 2138; x_wconf 79' lang='lat' dir='ltr'>arbitror.</span> <span class='ocrx_word' id='word_1_150' title='bbox 2126 2062 2233 2153; x_wconf 85' lang='lat' dir='ltr'>Quod</span> <span class='ocrx_word' id='word_1_151' title='bbox 2254 2068 2336 2139; x_wconf 82' lang='lat' dir='ltr'>iacit</span> 
     </span>
     <span class='ocr_line' id='line_1_15' title="bbox 407 2134 2335 2261; baseline 0.014 -49"><span class='ocrx_word' id='word_1_152' title='bbox 407 2144 481 2216; x_wconf 86' lang='lat' dir='ltr'>lam</span> <span class='ocrx_word' id='word_1_153' title='bbox 502 2141 569 2215; x_wconf 91' lang='lat' dir='ltr'>hac</span> <span class='ocrx_word' id='word_1_154' title='bbox 588 2137 1149 2213; x_wconf 67' lang='lat' dir='ltr'>boraaudiviBrunSchtnStm</span> <span class='ocrx_word' id='word_1_155' title='bbox 1165 2134 1296 2207; x_wconf 63' lang='lat' dir='ltr'>hssbm</span> <span class='ocrx_word' id='word_1_156' title='bbox 1346 2157 1565 2227; x_wconf 89' lang='lat' dir='ltr'>mentionem</span> <span class='ocrx_word' id='word_1_157' title='bbox 1600 2160 1766 2251; x_wconf 89' lang='lat' dir='ltr'>epistolae</span> <span class='ocrx_word' id='word_1_158' title='bbox 1798 2164 1843 2231; x_wconf 89' lang='lat' dir='ltr'>ad</span> <span class='ocrx_word' id='word_1_159' title='bbox 1875 2161 1916 2231; x_wconf 89' lang='lat' dir='ltr'>L.</span> <span class='ocrx_word' id='word_1_160' title='bbox 1948 2160 2061 2261; x_wconf 80' lang='lat' dir='ltr'>Cassii</span> <span class='ocrx_word' id='word_1_161' title='bbox 2096 2165 2335 2238; x_wconf 88' lang='lat' dir='ltr'>interfectores</span> 
     </span>
    </p>
   </div>
   <div class='ocr_carea' id='block_1_5' title="bbox 305 2239 2336 2457">
    <p class='ocr_par' dir='ltr' id='par_1_6' title="bbox 305 2239 2336 2457">
     <span class='ocr_line' id='line_1_16' title="bbox 305 2239 2334 2361; baseline 0.012 -47"><span class='ocrx_word' id='word_1_162' title='bbox 305 2249 495 2320; x_wconf 81' lang='lat' dir='ltr'>exercitum</span> <span class='ocrx_word' id='word_1_163' title='bbox 513 2261 546 2317; x_wconf 92' lang='lat' dir='ltr'>et</span> <span class='ocrx_word' id='word_1_164' title='bbox 559 2269 705 2335; x_wconf 80' lang='lat' dir='ltr'>magnos</span> <span class='ocrx_word' id='word_1_165' title='bbox 721 2246 897 2316; x_wconf 73' lang='lat' dir='ltr'>tumultus</span> <span class='ocrx_word' id='word_1_166' title='bbox 912 2239 1056 2315; x_wconf 67' lang='lat' dir='ltr'>metui-⁷</span> <span class='ocrx_word' id='word_1_167' title='bbox 1072 2239 1087 2337; x_wconf 95' lang='lat'>)</span> <span class='ocrx_word' id='word_1_168' title='bbox 1346 2258 1491 2343; x_wconf 89' lang='lat' dir='ltr'>missae,</span> <span class='ocrx_word' id='word_1_169' title='bbox 1515 2282 1590 2329; x_wconf 91' lang='lat' dir='ltr'>non</span> <span class='ocrx_word' id='word_1_170' title='bbox 1604 2284 1747 2351; x_wconf 92' lang='lat' dir='ltr'>prorsus</span> <span class='ocrx_word' id='word_1_171' title='bbox 1761 2263 1890 2332; x_wconf 88' lang='lat' dir='ltr'>iniusta</span> <span class='ocrx_word' id='word_1_172' title='bbox 1906 2266 2047 2357; x_wconf 89' lang='lat' dir='ltr'>querela</span> <span class='ocrx_word' id='word_1_173' title='bbox 2064 2279 2127 2341; x_wconf 92' lang='lat' dir='ltr'>est.</span> <span class='ocrx_word' id='word_1_174' title='bbox 2176 2268 2251 2339; x_wconf 80' lang='lat' dir='ltr'>Sed</span> <span class='ocrx_word' id='word_1_175' title='bbox 2273 2294 2334 2361; x_wconf 83' lang='lat' dir='ltr'>ego</span> 
     </span>
     <span class='ocr_line' id='line_1_17' title="bbox 1347 2360 2336 2457; baseline 0.012 -28"><span class='ocrx_word' id='word_1_176' title='bbox 1347 2360 1392 2429; x_wconf 94' lang='lat' dir='ltr'>ad</span> <span class='ocrx_word' id='word_1_177' title='bbox 1415 2361 1599 2451; x_wconf 65' lang='lat' dir='ltr'>quendum*</span> <span class='ocrx_word' id='word_1_178' title='bbox 1615 2360 1740 2431; x_wconf 90' lang='lat' dir='ltr'>Mense</span> <span class='ocrx_word' id='word_1_179' title='bbox 1762 2362 1895 2432; x_wconf 88' lang='lat' dir='ltr'>Martio</span> <span class='ocrx_word' id='word_1_180' title='bbox 1919 2366 2063 2457; x_wconf 89' lang='lat' dir='ltr'>scripsi,</span> <span class='ocrx_word' id='word_1_181' title='bbox 2093 2382 2127 2437; x_wconf 88' lang='lat' dir='ltr'>et</span> <span class='ocrx_word' id='word_1_182' title='bbox 2141 2393 2268 2439; x_wconf 87' lang='lat' dir='ltr'>sanare</span> <span class='ocrx_word' id='word_1_183' title='bbox 2282 2374 2336 2441; x_wconf 85' lang='lat' dir='ltr'>ol-</span> 
     </span>
    </p>
   </div>
   <div class='ocr_carea' id='block_1_6' title="bbox 308 2461 2367 2865">
    <p class='ocr_par' dir='ltr' id='par_1_7' title="bbox 308 2461 2367 2865">
     <span class='ocr_line' id='line_1_18' title="bbox 1347 2461 2367 2561; baseline 0.013 -32"><span class='ocrx_word' id='word_1_184' title='bbox 1347 2461 1543 2530; x_wconf 85' lang='lat' dir='ltr'>iensionem</span> <span class='ocrx_word' id='word_1_185' title='bbox 1556 2463 1687 2532; x_wconf 85' lang='lat' dir='ltr'>studui.</span> <span class='ocrx_word' id='word_1_186' title='bbox 1740 2461 1810 2537; x_wconf 83' lang='grc' dir='ltr'>οὐκ</span> <span class='ocrx_word' id='word_1_187' title='bbox 1829 2461 1978 2561; x_wconf 74' lang='grc' dir='ltr'><strong><em>ἀγνοῶν</em></strong></span> <span class='ocrx_word' id='word_1_188' title='bbox 1994 2468 2044 2548; x_wconf 71' lang='grc' dir='ltr'>εἰς</span> <span class='ocrx_word' id='word_1_189' title='bbox 2057 2461 2137 2540; x_wconf 74' lang='grc' dir='ltr'><strong><em>οἷον</em></strong></span> <span class='ocrx_word' id='word_1_190' title='bbox 2152 2466 2337 2544; x_wconf 81' lang='grc' dir='ltr'><strong><em>κίνδυνον</em></strong></span> <span class='ocrx_word' id='word_1_191' title='bbox 2362 2526 2367 2532; x_wconf 82' lang='lat'>.</span> 
     </span>
     <span class='ocr_line' id='line_1_19' title="bbox 1348 2554 2337 2658; baseline 0.011 -26"><span class='ocrx_word' id='word_1_192' title='bbox 1348 2554 1547 2657; x_wconf 76' lang='grc' dir='ltr'><strong><em>ἐμβάλοιμι</em></strong></span> <span class='ocrx_word' id='word_1_193' title='bbox 1570 2558 1744 2657; x_wconf 75' lang='grc' dir='ltr'><strong><em>ἐμαυτὸν.</em></strong></span> <span class='ocrx_word' id='word_1_194' title='bbox 1803 2563 1920 2658; x_wconf 85' lang='lat' dir='ltr'>Atque</span> <span class='ocrx_word' id='word_1_195' title='bbox 1949 2562 2036 2639; x_wconf 88' lang='lat' dir='ltr'>baec</span> <span class='ocrx_word' id='word_1_196' title='bbox 2066 2569 2157 2641; x_wconf 89' lang='lat' dir='ltr'>mala</span> <span class='ocrx_word' id='word_1_197' title='bbox 2187 2572 2337 2643; x_wconf 81' lang='lat' dir='ltr'>fortasse</span> 
     </span>
     <span class='ocr_line' id='line_1_20' title="bbox 308 2628 2337 2760; baseline 0.017 -50"><span class='ocrx_word' id='word_1_198' title='bbox 308 2628 502 2715; x_wconf 56' lang='grc' dir='ltr'><strong>Νοᾶθθῖ.</strong></span> <span class='ocrx_word' id='word_1_199' title='bbox 1120 2634 1292 2760; x_wconf 57' lang='lat' dir='ltr'>Q</span> <span class='ocrx_word' id='word_1_200' title='bbox 1347 2663 1418 2732; x_wconf 92' lang='lat' dir='ltr'>iam</span> <span class='ocrx_word' id='word_1_201' title='bbox 1435 2688 1510 2733; x_wconf 90' lang='lat' dir='ltr'>non</span> <span class='ocrx_word' id='word_1_202' title='bbox 1532 2678 1729 2757; x_wconf 84' lang='lat' dir='ltr'>erumpent.</span> <span class='ocrx_word' id='word_1_203' title='bbox 1778 2661 1856 2757; x_wconf 85' lang='lat' dir='ltr'>Ego</span> <span class='ocrx_word' id='word_1_204' title='bbox 1877 2681 1994 2737; x_wconf 89' lang='lat' dir='ltr'>tamen</span> <span class='ocrx_word' id='word_1_205' title='bbox 2014 2661 2080 2741; x_wconf 89' lang='lat' dir='ltr'>boc</span> <span class='ocrx_word' id='word_1_206' title='bbox 2104 2674 2268 2758; x_wconf 85' lang='lat' dir='ltr'>servabo,</span> <span class='ocrx_word' id='word_1_207' title='bbox 2295 2688 2337 2745; x_wconf 92' lang='lat' dir='ltr'>ut</span> 
     </span>
     <span class='ocr_line' id='line_1_21' title="bbox 311 2737 2335 2865; baseline 0.012 -44"><span class='ocrx_word' id='word_1_208' title='bbox 311 2737 483 2766; x_wconf 52' lang='grc' dir='ltr'>Μ</span> <span class='ocrx_word' id='word_1_209' title='bbox 1347 2763 1554 2836; x_wconf 85' lang='lat' dir='ltr'>difficilibus</span> <span class='ocrx_word' id='word_1_210' title='bbox 1570 2778 1604 2836; x_wconf 92' lang='lat' dir='ltr'>et</span> <span class='ocrx_word' id='word_1_211' title='bbox 1623 2766 1761 2836; x_wconf 89' lang='lat' dir='ltr'>miseris</span> <span class='ocrx_word' id='word_1_212' title='bbox 1774 2770 1879 2838; x_wconf 87' lang='lat' dir='ltr'>rebus</span> <span class='ocrx_word' id='word_1_213' title='bbox 1895 2771 2094 2857; x_wconf 87' lang='lat' dir='ltr'>consulam,</span> <span class='ocrx_word' id='word_1_214' title='bbox 2119 2773 2149 2843; x_wconf 81' lang='lat' dir='ltr'>cl</span> <span class='ocrx_word' id='word_1_215' title='bbox 2165 2768 2335 2865; x_wconf 80' lang='grc' dir='ltr'><strong><em>δύναμαι</em></strong></span> 
     </span>
    </p>
   </div>
   <div class='ocr_carea' id='block_1_7' title="bbox 486 2815 2336 2959">
    <p class='ocr_par' dir='ltr' id='par_1_8' title="bbox 486 2815 2336 2959">
     <span class='ocr_line' id='line_1_22' title="bbox 486 2815 2336 2959; baseline 0.012 -36"><span class='ocrx_word' id='word_1_216' title='bbox 486 2875 492 2887; x_wconf 90' lang='grc'><em>·</em></span> <span class='ocrx_word' id='word_1_217' title='bbox 577 2820 726 2919; x_wconf 65' lang='grc' dir='ltr'><em>ῙΟαθῙῑ·</em></span> <span class='ocrx_word' id='word_1_218' title='bbox 752 2815 1008 2904; x_wconf 61' lang='lat' dir='ltr'><strong><em>cameram·</em></strong></span> <span class='ocrx_word' id='word_1_219' title='bbox 1345 2861 1487 2937; x_wconf 83' lang='grc' dir='ltr'><strong><em>τελέσαι</em></strong></span> <span class='ocrx_word' id='word_1_220' title='bbox 1501 2862 1565 2938; x_wconf 75' lang='grc' dir='ltr'>καὶ</span> <span class='ocrx_word' id='word_1_221' title='bbox 1579 2867 1611 2937; x_wconf 82' lang='lat' dir='ltr'>el</span> <span class='ocrx_word' id='word_1_222' title='bbox 1624 2864 1878 2959; x_wconf 76' lang='grc' dir='ltr'><strong><em>τετελεσμένον</em></strong></span> <span class='ocrx_word' id='word_1_223' title='bbox 1897 2866 1984 2941; x_wconf 79' lang='grc' dir='ltr'><strong><em>ἐστὶ.</em></strong></span> <span class='ocrx_word' id='word_1_224' title='bbox 2036 2870 2106 2959; x_wconf 85' lang='lat' dir='ltr'>Sed</span> <span class='ocrx_word' id='word_1_225' title='bbox 2121 2875 2164 2943; x_wconf 90' lang='lat' dir='ltr'>de</span> <span class='ocrx_word' id='word_1_226' title='bbox 2185 2871 2241 2943; x_wconf 90' lang='lat' dir='ltr'>bis</span> <span class='ocrx_word' id='word_1_227' title='bbox 2268 2877 2336 2946; x_wconf 89' lang='lat' dir='ltr'>tibi</span> 
     </span>
    </p>
   </div>
   <div class='ocr_carea' id='block_1_8' title="bbox 373 2966 2338 3069">
    <p class='ocr_par' dir='ltr' id='par_1_9' title="bbox 373 2966 2338 3069">
     <span class='ocr_line' id='line_1_23' title="bbox 373 2966 2338 3069; baseline 0.005 -32"><span class='ocrx_word' id='word_1_228' title='bbox 373 2981 457 3056; x_wconf 74' lang='lat' dir='ltr'>Epist.</span> <span class='ocrx_word' id='word_1_229' title='bbox 471 2982 506 3037; x_wconf 73' lang='lat' dir='ltr'>ad</span> <span class='ocrx_word' id='word_1_230' title='bbox 518 2980 654 3036; x_wconf 69' lang='lat' dir='ltr'>Gamerae.</span> <span class='ocrx_word' id='word_1_231' title='bbox 668 3001 695 3052; x_wconf 81' lang='lat' dir='ltr'>p.</span> <span class='ocrx_word' id='word_1_232' title='bbox 708 2980 760 3035; x_wconf 83' lang='lat'>469</span> <span class='ocrx_word' id='word_1_233' title='bbox 770 3000 812 3053; x_wconf 76' lang='lat' dir='ltr'>sq.</span> <span class='ocrx_word' id='word_1_234' title='bbox 832 2975 1113 3050; x_wconf 78' lang='lat' dir='ltr'>(ed.1.0nd.ttt›.tv.</span> <span class='ocrx_word' id='word_1_235' title='bbox 1131 2996 1174 3050; x_wconf 81' lang='lat' dir='ltr'>ep.</span> <span class='ocrx_word' id='word_1_236' title='bbox 1188 2976 1270 3046; x_wconf 73' lang='lat' dir='ltr'>sta).</span> <span class='ocrx_word' id='word_1_237' title='bbox 1346 2966 1515 3037; x_wconf 88' lang='lat' dir='ltr'>molestus</span> <span class='ocrx_word' id='word_1_238' title='bbox 1537 2991 1612 3036; x_wconf 92' lang='lat' dir='ltr'>non</span> <span class='ocrx_word' id='word_1_239' title='bbox 1634 2992 1704 3038; x_wconf 83' lang='lat' dir='ltr'>ero.</span> <span class='ocrx_word' id='word_1_240' title='bbox 1756 2968 1880 3040; x_wconf 86' lang='lat' dir='ltr'>Metuo</span> <span class='ocrx_word' id='word_1_241' title='bbox 1901 2996 1944 3041; x_wconf 88' lang='lat' dir='ltr'>ue</span> <span class='ocrx_word' id='word_1_242' title='bbox 1968 2972 2148 3065; x_wconf 88' lang='lat' dir='ltr'>aliquanto</span> <span class='ocrx_word' id='word_1_243' title='bbox 2161 2992 2240 3067; x_wconf 88' lang='lat' dir='ltr'>post</span> <span class='ocrx_word' id='word_1_244' title='bbox 2258 3002 2338 3069; x_wconf 90' lang='lat' dir='ltr'>per-</span> 
     </span>
    </p>
   </div>
   <div class='ocr_carea' id='block_1_9' title="bbox 304 3067 2341 3565">
    <p class='ocr_par' dir='ltr' id='par_1_10' title="bbox 1346 3067 2339 3245">
     <span class='ocr_line' id='line_1_24' title="bbox 1346 3067 2339 3165; baseline 0.013 -30"><span class='ocrx_word' id='word_1_245' title='bbox 1346 3067 1497 3138; x_wconf 89' lang='lat' dir='ltr'>niciosas</span> <span class='ocrx_word' id='word_1_246' title='bbox 1525 3068 1647 3137; x_wconf 89' lang='lat' dir='ltr'>turbas</span> <span class='ocrx_word' id='word_1_247' title='bbox 1669 3069 1872 3162; x_wconf 89' lang='lat' dir='ltr'>aliquorum</span> <span class='ocrx_word' id='word_1_248' title='bbox 1903 3073 2111 3165; x_wconf 90' lang='lat' dir='ltr'>impotentia</span> <span class='ocrx_word' id='word_1_249' title='bbox 2143 3079 2339 3150; x_wconf 89' lang='lat' dir='ltr'>concitatu-</span> 
     </span>
     <span class='ocr_line' id='line_1_25' title="bbox 1346 3168 1463 3245; baseline 0.068 -8"><span class='ocrx_word' id='word_1_250' title='bbox 1346 3192 1386 3239; x_wconf 88' lang='lat' dir='ltr'>ra</span> <span class='ocrx_word' id='word_1_251' title='bbox 1406 3168 1463 3245; x_wconf 81' lang='lat' dir='ltr'>sit.</span> 
     </span>
    </p>

    <p class='ocr_par' dir='ltr' id='par_1_11' title="bbox 304 3267 2341 3565">
     <span class='ocr_line' id='line_1_26' title="bbox 1448 3267 2340 3370; baseline 0.01 -29"><span class='ocrx_word' id='word_1_252' title='bbox 1448 3267 1489 3341; x_wconf 87' lang='lat' dir='ltr'>Si</span> <span class='ocrx_word' id='word_1_253' title='bbox 1504 3269 1548 3339; x_wconf 90' lang='lat' dir='ltr'>ad</span> <span class='ocrx_word' id='word_1_254' title='bbox 1564 3284 1725 3342; x_wconf 86' lang='lat' dir='ltr'>senatum</span> <span class='ocrx_word' id='word_1_255' title='bbox 1742 3270 1924 3365; x_wconf 89' lang='lat' dir='ltr'>Lipsicum</span> <span class='ocrx_word' id='word_1_256' title='bbox 1939 3267 2052 3370; x_wconf 77' lang='lat' dir='ltr'>Piger</span> <span class='ocrx_word' id='word_1_257' title='bbox 2071 3299 2145 3346; x_wconf 90' lang='lat' dir='ltr'>non</span> <span class='ocrx_word' id='word_1_258' title='bbox 2162 3279 2259 3349; x_wconf 90' lang='lat' dir='ltr'>misit</span> <span class='ocrx_word' id='word_1_259' title='bbox 2275 3304 2340 3369; x_wconf 56' lang='lat' dir='ltr'>pes·</span> 
     </span>
     <span class='ocr_line' id='line_1_27' title="bbox 1347 3370 2341 3471; baseline 0.009 -29"><span class='ocrx_word' id='word_1_260' title='bbox 1347 3370 1501 3456; x_wconf 88' lang='lat' dir='ltr'>cuniam,</span> <span class='ocrx_word' id='word_1_261' title='bbox 1523 3395 1687 3444; x_wconf 88' lang='lat' dir='ltr'>nuscum</span> <span class='ocrx_word' id='word_1_262' title='bbox 1709 3374 1772 3444; x_wconf 92' lang='lat' dir='ltr'>illo</span> <span class='ocrx_word' id='word_1_263' title='bbox 1794 3377 2023 3466; x_wconf 82' lang='lat' dir='ltr'>litigabimus.</span> <span class='ocrx_word' id='word_1_264' title='bbox 2073 3374 2197 3471; x_wconf 87' lang='lat' dir='ltr'>ltaque</span> <span class='ocrx_word' id='word_1_265' title='bbox 2212 3381 2341 3471; x_wconf 84' lang='lat' dir='ltr'>explo-</span> 
     </span>
     <span class='ocr_line' id='line_1_28' title="bbox 304 3458 2074 3565; baseline -0.003 -16"><span class='ocrx_word' id='word_1_266' title='bbox 304 3458 349 3550; x_wconf 82' lang='lat' dir='ltr'>S·</span> <span class='ocrx_word' id='word_1_267' title='bbox 376 3475 420 3549; x_wconf 93' lang='lat' dir='ltr'>D.</span> <span class='ocrx_word' id='word_1_268' title='bbox 470 3474 562 3546; x_wconf 89' lang='lat' dir='ltr'>Cum</span> <span class='ocrx_word' id='word_1_269' title='bbox 577 3475 870 3564; x_wconf 81' lang='lat' dir='ltr'>gubernationem</span> <span class='ocrx_word' id='word_1_270' title='bbox 887 3469 1025 3545; x_wconf 87' lang='lat' dir='ltr'>scbolae</span> <span class='ocrx_word' id='word_1_271' title='bbox 1040 3474 1297 3565; x_wconf 82' lang='lat' dir='ltr'>Regiomonta-</span> <span class='ocrx_word' id='word_1_272' title='bbox 1346 3472 1444 3544; x_wconf 83' lang='lat' dir='ltr'>rabis</span> <span class='ocrx_word' id='word_1_273' title='bbox 1458 3497 1505 3542; x_wconf 88' lang='lat' dir='ltr'>an</span> <span class='ocrx_word' id='word_1_274' title='bbox 1520 3473 1666 3548; x_wconf 86' lang='lat' dir='ltr'>miserit.</span> <span class='ocrx_word' id='word_1_275' title='bbox 2072 3478 2074 3481; x_wconf 78' lang='grc'><strong>’</strong></span> 
     </span>
    </p>
   </div>
   <div class='ocr_carea' id='block_1_10' title="bbox 305 3128 1300 3437">
    <p class='ocr_par' dir='ltr' id='par_1_12' title="bbox 305 3128 1300 3437">
     <span class='ocr_line' id='line_1_29' title="bbox 305 3128 1300 3231; baseline -0.009 -20"><span class='ocrx_word' id='word_1_276' title='bbox 305 3132 530 3211; x_wconf 80' lang='lat' dir='ltr'>Clarissimo</span> <span class='ocrx_word' id='word_1_277' title='bbox 554 3137 631 3208; x_wconf 79' lang='lat' dir='ltr'>viro</span> <span class='ocrx_word' id='word_1_278' title='bbox 659 3128 866 3208; x_wconf 74' lang='lat' dir='ltr'>eruditione</span> <span class='ocrx_word' id='word_1_279' title='bbox 881 3145 912 3206; x_wconf 88' lang='lat' dir='ltr'>et</span> <span class='ocrx_word' id='word_1_280' title='bbox 938 3136 1067 3206; x_wconf 85' lang='lat' dir='ltr'>virtute</span> <span class='ocrx_word' id='word_1_281' title='bbox 1088 3130 1300 3231; x_wconf 83' lang='lat' dir='ltr'>praestanti</span> 
     </span>
     <span class='ocr_line' id='line_1_30' title="bbox 330 3231 1270 3333; baseline -0.009 -21"><span class='ocrx_word' id='word_1_282' title='bbox 330 3235 572 3312; x_wconf 80' lang='lat' dir='ltr'>loachs&#39;mo</span> <span class='ocrx_word' id='word_1_283' title='bbox 598 3234 806 3312; x_wconf 84' lang='lat' dir='ltr'>Cameru.</span> <span class='ocrx_word' id='word_1_284' title='bbox 839 3231 1084 3333; x_wconf 80' lang='lat' dir='ltr'>Pubergensi,</span> <span class='ocrx_word' id='word_1_285' title='bbox 1118 3231 1270 3305; x_wconf 82' lang='lat' dir='ltr'>Rectori</span> 
     </span>
     <span class='ocr_line' id='line_1_31' title="bbox 371 3334 1213 3437; baseline 0 -26"><span class='ocrx_word' id='word_1_286' title='bbox 371 3335 609 3421; x_wconf 19' lang='lat' dir='ltr'>*Academiae</span> <span class='ocrx_word' id='word_1_287' title='bbox 631 3334 823 3437; x_wconf 84' lang='lat' dir='ltr'>Lipsicae,</span> <span class='ocrx_word' id='word_1_288' title='bbox 848 3338 967 3410; x_wconf 86' lang='lat' dir='ltr'>amico</span> <span class='ocrx_word' id='word_1_289' title='bbox 991 3363 1058 3410; x_wconf 87' lang='lat' dir='ltr'>suo</span> <span class='ocrx_word' id='word_1_290' title='bbox 1085 3336 1213 3412; x_wconf 73' lang='lat' dir='ltr'>cartas.</span> 
     </span>
    </p>
   </div>
   <div class='ocr_carea' id='block_1_11' title="bbox 251 3568 2341 3677">
    <p class='ocr_par' dir='ltr' id='par_1_13' title="bbox 168 3568 2341 3677">
     <span class='ocr_line' id='line_1_32' title="bbox 251 3568 2341 3677; baseline -0.001 -24.076"><span class='ocrx_word' id='word_1_291' title='bbox 251 3593 254 3599; x_wconf 86' lang='lat'>&#39;</span> <span class='ocrx_word' id='word_1_292' title='bbox 305 3602 373 3650; x_wconf 87' lang='lat' dir='ltr'>nae</span> <span class='ocrx_word' id='word_1_293' title='bbox 389 3574 556 3647; x_wconf 85' lang='lat' dir='ltr'>Sabinus</span> <span class='ocrx_word' id='word_1_294' title='bbox 570 3576 870 3661; x_wconf 53' lang='lat' dir='ltr'>ambiret‚‘multa</span> <span class='ocrx_word' id='word_1_295' title='bbox 891 3570 982 3645; x_wconf 91' lang='lat' dir='ltr'>mibi</span> <span class='ocrx_word' id='word_1_296' title='bbox 1005 3577 1044 3644; x_wconf 89' lang='lat' dir='ltr'>in</span> <span class='ocrx_word' id='word_1_297' title='bbox 1065 3592 1219 3648; x_wconf 90' lang='lat' dir='ltr'>mentem</span> <span class='ocrx_word' id='word_1_298' title='bbox 1235 3600 1337 3645; x_wconf 52' lang='lat' dir='ltr'>ves</span> <span class='ocrx_word' id='word_1_299' title='bbox 1448 3568 1699 3645; x_wconf 84' lang='lat' dir='ltr'>Adolescentes</span> <span class='ocrx_word' id='word_1_300' title='bbox 1721 3568 1995 3647; x_wconf 82' lang='lat' dir='ltr'>Wertlzcmium</span> <span class='ocrx_word' id='word_1_301' title='bbox 2016 3591 2051 3649; x_wconf 89' lang='lat' dir='ltr'>et</span> <span class='ocrx_word' id='word_1_302' title='bbox 2069 3572 2341 3677; x_wconf 80' lang='lat' dir='ltr'>Lr‘rupergium,</span> 
     </span>
    </p>
   </div>
   <div class='ocr_carea' id='block_1_12' title="bbox 307 3674 2345 5187">
    <p class='ocr_par' dir='ltr' id='par_1_14' title="bbox 307 3674 2342 4181">
     <span class='ocr_line' id='line_1_33' title="bbox 307 3674 2341 3777; baseline 0.001 -26"><span class='ocrx_word' id='word_1_303' title='bbox 307 3681 471 3765; x_wconf 84' lang='lat' dir='ltr'>aiebant,</span> <span class='ocrx_word' id='word_1_304' title='bbox 489 3702 579 3772; x_wconf 90' lang='lat' dir='ltr'>quae</span> <span class='ocrx_word' id='word_1_305' title='bbox 601 3702 659 3747; x_wconf 93' lang='lat' dir='ltr'>me</span> <span class='ocrx_word' id='word_1_306' title='bbox 680 3678 891 3763; x_wconf 88' lang='lat' dir='ltr'>movebant,</span> <span class='ocrx_word' id='word_1_307' title='bbox 912 3701 958 3747; x_wconf 88' lang='lat' dir='ltr'>ne</span> <span class='ocrx_word' id='word_1_308' title='bbox 984 3701 1066 3746; x_wconf 92' lang='lat' dir='ltr'>eum</span> <span class='ocrx_word' id='word_1_309' title='bbox 1086 3679 1140 3747; x_wconf 94' lang='lat' dir='ltr'>illi</span> <span class='ocrx_word' id='word_1_310' title='bbox 1157 3677 1298 3748; x_wconf 90' lang='lat' dir='ltr'>muneri</span> <span class='ocrx_word' id='word_1_311' title='bbox 1328 3714 1330 3717; x_wconf 57' lang='lat'>&gt;</span> <span class='ocrx_word' id='word_1_312' title='bbox 1347 3675 1503 3747; x_wconf 92' lang='lat' dir='ltr'>arbitror</span> <span class='ocrx_word' id='word_1_313' title='bbox 1525 3676 1563 3745; x_wconf 92' lang='lat' dir='ltr'>in</span> <span class='ocrx_word' id='word_1_314' title='bbox 1581 3678 1727 3748; x_wconf 90' lang='lat' dir='ltr'>aedibus</span> <span class='ocrx_word' id='word_1_315' title='bbox 1744 3674 1907 3750; x_wconf 89' lang='lat' dir='ltr'>Doctoris</span> <span class='ocrx_word' id='word_1_316' title='bbox 1920 3674 2116 3775; x_wconf 73' lang='lat' dir='ltr'>Berredictr&#39;</span> <span class='ocrx_word' id='word_1_317' title='bbox 2130 3685 2341 3777; x_wconf 89' lang='lat' dir='ltr'>aliquandiu</span> 
     </span>
     <span class='ocr_line' id='line_1_34' title="bbox 307 3774 2342 3877; baseline 0.001 -24"><span class='ocrx_word' id='word_1_318' title='bbox 307 3781 581 3877; x_wconf 88' lang='lat' dir='ltr'>praeficiendum</span> <span class='ocrx_word' id='word_1_319' title='bbox 605 3781 789 3864; x_wconf 86' lang='lat' dir='ltr'>ducerem,</span> <span class='ocrx_word' id='word_1_320' title='bbox 822 3780 919 3872; x_wconf 91' lang='lat' dir='ltr'>quod</span> <span class='ocrx_word' id='word_1_321' title='bbox 942 3779 1093 3872; x_wconf 88' lang='lat' dir='ltr'>requirit</span> <span class='ocrx_word' id='word_1_322' title='bbox 1114 3774 1296 3848; x_wconf 90' lang='lat' dir='ltr'>bominem</span> <span class='ocrx_word' id='word_1_323' title='bbox 1343 3790 1628 3876; x_wconf 80' lang='lat' dir='ltr'>commoraturos</span> <span class='ocrx_word' id='word_1_324' title='bbox 1644 3802 1726 3864; x_wconf 90' lang='lat' dir='ltr'>esse,</span> <span class='ocrx_word' id='word_1_325' title='bbox 1751 3783 1847 3873; x_wconf 91' lang='lat' dir='ltr'>quod</span> <span class='ocrx_word' id='word_1_326' title='bbox 1865 3781 1894 3850; x_wconf 90' lang='lat' dir='ltr'>si</span> <span class='ocrx_word' id='word_1_327' title='bbox 1909 3782 1985 3865; x_wconf 87' lang='lat' dir='ltr'>fiet,</span> <span class='ocrx_word' id='word_1_328' title='bbox 2011 3785 2128 3854; x_wconf 87' lang='lat' dir='ltr'>studia</span> <span class='ocrx_word' id='word_1_329' title='bbox 2144 3809 2266 3855; x_wconf 92' lang='lat' dir='ltr'>eorum</span> <span class='ocrx_word' id='word_1_330' title='bbox 2283 3787 2342 3856; x_wconf 91' lang='lat' dir='ltr'>in-</span> 
     </span>
     <span class='ocr_line' id='line_1_35' title="bbox 308 3876 2341 3976; baseline -0 -20"><span class='ocrx_word' id='word_1_331' title='bbox 308 3880 533 3956; x_wconf 87' lang='lat' dir='ltr'>scbolasticas</span> <span class='ocrx_word' id='word_1_332' title='bbox 549 3904 674 3973; x_wconf 90' lang='lat' dir='ltr'>operas</span> <span class='ocrx_word' id='word_1_333' title='bbox 688 3894 886 3960; x_wconf 89' lang='lat' dir='ltr'>amantem,</span> <span class='ocrx_word' id='word_1_334' title='bbox 913 3904 987 3950; x_wconf 91' lang='lat' dir='ltr'>non</span> <span class='ocrx_word' id='word_1_335' title='bbox 1007 3876 1297 3950; x_wconf 88' lang='lat' dir='ltr'>abhorrentema</span> <span class='ocrx_word' id='word_1_336' title='bbox 1348 3878 1505 3969; x_wconf 86' lang='lat' dir='ltr'>spiciam.</span> <span class='ocrx_word' id='word_1_337' title='bbox 1563 3876 1702 3950; x_wconf 87' lang='lat' dir='ltr'>Nuncio</span> <span class='ocrx_word' id='word_1_338' title='bbox 1723 3905 1797 3949; x_wconf 92' lang='lat' dir='ltr'>nou</span> <span class='ocrx_word' id='word_1_339' title='bbox 1823 3884 1937 3952; x_wconf 87' lang='lat' dir='ltr'>solum</span> <span class='ocrx_word' id='word_1_340' title='bbox 1961 3884 2146 3976; x_wconf 83' lang='lat' dir='ltr'>epistolam</span> <span class='ocrx_word' id='word_1_341' title='bbox 2172 3885 2341 3957; x_wconf 89' lang='lat' dir='ltr'>Pruteni-</span> 
     </span>
     <span class='ocr_line' id='line_1_36' title="bbox 308 3977 2340 4079; baseline 0.003 -25"><span class='ocrx_word' id='word_1_342' title='bbox 308 3979 554 4079; x_wconf 86' lang='lat' dir='ltr'>pbilosopbia,</span> <span class='ocrx_word' id='word_1_343' title='bbox 586 3978 651 4055; x_wconf 82' lang='grc' dir='ltr'>καὶ</span> <span class='ocrx_word' id='word_1_344' title='bbox 678 3977 991 4076; x_wconf 76' lang='grc' dir='ltr'><strong><em>συμβιβαστικὸν.</em></strong></span> <span class='ocrx_word' id='word_1_345' title='bbox 1049 3980 1148 4053; x_wconf 87' lang='lat' dir='ltr'>Cessi</span> <span class='ocrx_word' id='word_1_346' title='bbox 1179 3996 1306 4052; x_wconf 88' lang='lat' dir='ltr'>tamen</span> <span class='ocrx_word' id='word_1_347' title='bbox 1349 3982 1584 4066; x_wconf 90' lang='lat' dir='ltr'>camreddes,</span> <span class='ocrx_word' id='word_1_348' title='bbox 1604 3982 1787 4052; x_wconf 88' lang='lat' dir='ltr'>sedetiam</span> <span class='ocrx_word' id='word_1_349' title='bbox 1812 3985 1945 4054; x_wconf 90' lang='lat' dir='ltr'>scribes</span> <span class='ocrx_word' id='word_1_350' title='bbox 1962 3985 2043 4077; x_wconf 87' lang='lat' dir='ltr'>ipse</span> <span class='ocrx_word' id='word_1_351' title='bbox 2058 3987 2179 4073; x_wconf 91' lang='lat' dir='ltr'>uobis,</span> <span class='ocrx_word' id='word_1_352' title='bbox 2204 3988 2276 4059; x_wconf 92' lang='lat' dir='ltr'>imo</span> <span class='ocrx_word' id='word_1_353' title='bbox 2303 4004 2340 4060; x_wconf 92' lang='lat' dir='ltr'>et</span> 
     </span>
     <span class='ocr_line' id='line_1_37' title="bbox 308 4077 2077 4181; baseline -0.001 -24"><span class='ocrx_word' id='word_1_354' title='bbox 308 4087 419 4181; x_wconf 84' lang='lat' dir='ltr'>ipsius</span> <span class='ocrx_word' id='word_1_355' title='bbox 443 4085 627 4176; x_wconf 87' lang='lat' dir='ltr'>cupiditati</span> <span class='ocrx_word' id='word_1_356' title='bbox 650 4098 686 4155; x_wconf 94' lang='lat' dir='ltr'>et</span> <span class='ocrx_word' id='word_1_357' title='bbox 707 4097 769 4153; x_wconf 92' lang='lat' dir='ltr'>tuo</span> <span class='ocrx_word' id='word_1_358' title='bbox 791 4084 942 4169; x_wconf 90' lang='lat' dir='ltr'>iudicio,</span> <span class='ocrx_word' id='word_1_359' title='bbox 968 4085 1064 4177; x_wconf 92' lang='lat' dir='ltr'>quod</span> <span class='ocrx_word' id='word_1_360' title='bbox 1093 4086 1136 4153; x_wconf 91' lang='lat' dir='ltr'>de</span> <span class='ocrx_word' id='word_1_361' title='bbox 1159 4083 1222 4153; x_wconf 92' lang='lat' dir='ltr'>illo</span> <span class='ocrx_word' id='word_1_362' title='bbox 1248 4097 1299 4154; x_wconf 89' lang='lat' dir='ltr'>est</span> <span class='ocrx_word' id='word_1_363' title='bbox 1350 4077 1499 4156; x_wconf 90' lang='lat' dir='ltr'>Sabino.</span> <span class='ocrx_word' id='word_1_364' title='bbox 1550 4079 1648 4152; x_wconf 90' lang='lat' dir='ltr'>Bene</span> <span class='ocrx_word' id='word_1_365' title='bbox 1664 4084 1760 4169; x_wconf 89' lang='lat' dir='ltr'>vale,</span> <span class='ocrx_word' id='word_1_366' title='bbox 1785 4085 1844 4154; x_wconf 91' lang='lat' dir='ltr'>die</span> <span class='ocrx_word' id='word_1_367' title='bbox 1859 4084 1957 4157; x_wconf 93' lang='lat' dir='ltr'>lunii</span> <span class='ocrx_word' id='word_1_368' title='bbox 1975 4085 2077 4157; x_wconf 83' lang='lat' dir='ltr'>xttl.</span> 
     </span>
    </p>

    <p class='ocr_par' dir='ltr' id='par_1_15' title="bbox 308 4180 2340 4984">
     <span class='ocr_line' id='line_1_38' title="bbox 308 4180 2289 4282; baseline 0.004 -23"><span class='ocrx_word' id='word_1_369' title='bbox 308 4188 538 4282; x_wconf 87' lang='lat' dir='ltr'>praeclarum.</span> <span class='ocrx_word' id='word_1_370' title='bbox 596 4181 650 4255; x_wconf 90' lang='lat' dir='ltr'>Ac</span> <span class='ocrx_word' id='word_1_371' title='bbox 684 4180 775 4253; x_wconf 88' lang='lat' dir='ltr'>mibi</span> <span class='ocrx_word' id='word_1_372' title='bbox 800 4185 944 4277; x_wconf 88' lang='lat' dir='ltr'>quidem</span> <span class='ocrx_word' id='word_1_373' title='bbox 970 4198 1004 4255; x_wconf 92' lang='lat' dir='ltr'>et</span> <span class='ocrx_word' id='word_1_374' title='bbox 1034 4185 1122 4254; x_wconf 86' lang='lat' dir='ltr'>meis</span> <span class='ocrx_word' id='word_1_375' title='bbox 1156 4185 1299 4254; x_wconf 87' lang='lat' dir='ltr'>exordia</span> <span class='ocrx_word' id='word_1_376' title='bbox 1910 4183 2097 4280; x_wconf 90' lang='lat' dir='ltr'>Philippus</span> <span class='ocrx_word' id='word_1_377' title='bbox 2110 4186 2289 4266; x_wconf 85' lang='lat' dir='ltr'>Melantb.</span> 
     </span>
     <span class='ocr_line' id='line_1_39' title="bbox 308 4278 2340 4381; baseline 0.001 -20"><span class='ocrx_word' id='word_1_378' title='bbox 308 4294 405 4362; x_wconf 84' lang='lat' dir='ltr'>suere</span> <span class='ocrx_word' id='word_1_379' title='bbox 429 4288 637 4359; x_wconf 88' lang='lat' dir='ltr'>tristissima.</span> <span class='ocrx_word' id='word_1_380' title='bbox 696 4284 799 4355; x_wconf 89' lang='lat' dir='ltr'>Nunc</span> <span class='ocrx_word' id='word_1_381' title='bbox 827 4288 921 4379; x_wconf 92' lang='lat' dir='ltr'>quod</span> <span class='ocrx_word' id='word_1_382' title='bbox 946 4287 1118 4376; x_wconf 88' lang='lat' dir='ltr'>suscepit,</span> <span class='ocrx_word' id='word_1_383' title='bbox 1150 4299 1234 4377; x_wconf 94' lang='lat' dir='ltr'>opto</span> <span class='ocrx_word' id='word_1_384' title='bbox 1259 4299 1300 4356; x_wconf 90' lang='lat' dir='ltr'>nt</span> <span class='ocrx_word' id='word_1_385' title='bbox 1362 4370 1367 4374; x_wconf 33' lang='grc'><strong>,</strong></span> <span class='ocrx_word' id='word_1_386' title='bbox 1453 4278 1528 4351; x_wconf 90' lang='lat' dir='ltr'>lam</span> <span class='ocrx_word' id='word_1_387' title='bbox 1552 4283 1819 4373; x_wconf 83' lang='lat' dir='ltr'>obsignaveram</span> <span class='ocrx_word' id='word_1_388' title='bbox 1843 4283 2151 4381; x_wconf 86' lang='lat' dir='ltr'>bancepistolam,</span> <span class='ocrx_word' id='word_1_389' title='bbox 2178 4317 2259 4363; x_wconf 89' lang='lat' dir='ltr'>cum</span> <span class='ocrx_word' id='word_1_390' title='bbox 2275 4295 2340 4367; x_wconf 74' lang='lat' dir='ltr'>Se-</span> 
     </span>
     <span class='ocr_line' id='line_1_40' title="bbox 310 4385 2338 4486; baseline 0.001 -23"><span class='ocrx_word' id='word_1_391' title='bbox 310 4392 459 4463; x_wconf 82' lang='lat' dir='ltr'>feliciter</span> <span class='ocrx_word' id='word_1_392' title='bbox 475 4390 707 4460; x_wconf 86' lang='lat' dir='ltr'>administret.</span> <span class='ocrx_word' id='word_1_393' title='bbox 744 4385 941 4479; x_wconf 85' lang='lat' dir='ltr'>Epistulam</span> <span class='ocrx_word' id='word_1_394' title='bbox 959 4389 1003 4457; x_wconf 91' lang='lat' dir='ltr'>ad</span> <span class='ocrx_word' id='word_1_395' title='bbox 1019 4386 1222 4480; x_wconf 80' lang='lat' dir='ltr'>Principem</span> <span class='ocrx_word' id='word_1_396' title='bbox 1237 4411 1299 4481; x_wconf 89' lang='lat' dir='ltr'>pe·</span> <span class='ocrx_word' id='word_1_397' title='bbox 1349 4396 1454 4453; x_wconf 88' lang='lat' dir='ltr'>natus</span> <span class='ocrx_word' id='word_1_398' title='bbox 1476 4385 1611 4456; x_wconf 91' lang='lat' dir='ltr'>litterae</span> <span class='ocrx_word' id='word_1_399' title='bbox 1633 4386 1841 4463; x_wconf 83' lang='lat' dir='ltr'>afferuntur.</span> <span class='ocrx_word' id='word_1_400' title='bbox 1892 4389 1946 4460; x_wconf 91' lang='lat' dir='ltr'>De</span> <span class='ocrx_word' id='word_1_401' title='bbox 1966 4393 2095 4485; x_wconf 91' lang='lat' dir='ltr'>quibus</span> <span class='ocrx_word' id='word_1_402' title='bbox 2117 4399 2338 4486; x_wconf 90' lang='lat' dir='ltr'>respondebo</span> 
     </span>
     <span class='ocr_line' id='line_1_41' title="bbox 310 4486 2340 4584; baseline 0 -22"><span class='ocrx_word' id='word_1_403' title='bbox 310 4494 410 4575; x_wconf 86' lang='lat' dir='ltr'>tivit,</span> <span class='ocrx_word' id='word_1_404' title='bbox 435 4516 539 4584; x_wconf 88' lang='lat' dir='ltr'>quam</span> <span class='ocrx_word' id='word_1_405' title='bbox 554 4490 698 4580; x_wconf 88' lang='lat' dir='ltr'>scripsi,</span> <span class='ocrx_word' id='word_1_406' title='bbox 717 4515 755 4558; x_wconf 89' lang='lat' dir='ltr'>ac</span> <span class='ocrx_word' id='word_1_407' title='bbox 774 4504 854 4581; x_wconf 92' lang='lat' dir='ltr'>pcto</span> <span class='ocrx_word' id='word_1_408' title='bbox 872 4505 912 4560; x_wconf 93' lang='lat' dir='ltr'>ut</span> <span class='ocrx_word' id='word_1_409' title='bbox 929 4513 1001 4558; x_wconf 93' lang='lat' dir='ltr'>non</span> <span class='ocrx_word' id='word_1_410' title='bbox 1021 4490 1300 4559; x_wconf 88' lang='lat' dir='ltr'>modosubscri-</span> <span class='ocrx_word' id='word_1_411' title='bbox 1350 4492 1439 4554; x_wconf 81' lang='lat' dir='ltr'>cum&#39;</span> <span class='ocrx_word' id='word_1_412' title='bbox 1451 4486 1580 4576; x_wconf 86' lang='lat' dir='ltr'>legero.</span> <span class='ocrx_word' id='word_1_413' title='bbox 1630 4486 1735 4558; x_wconf 90' lang='lat' dir='ltr'>Nunc</span> <span class='ocrx_word' id='word_1_414' title='bbox 1761 4492 1804 4561; x_wconf 92' lang='lat' dir='ltr'>de</span> <span class='ocrx_word' id='word_1_415' title='bbox 1825 4493 1973 4577; x_wconf 89' lang='lat' dir='ltr'>ancilla,</span> <span class='ocrx_word' id='word_1_416' title='bbox 2005 4494 2111 4584; x_wconf 92' lang='lat' dir='ltr'>plane</span> <span class='ocrx_word' id='word_1_417' title='bbox 2132 4496 2162 4563; x_wconf 90' lang='lat' dir='ltr'>si</span> <span class='ocrx_word' id='word_1_418' title='bbox 2189 4512 2340 4570; x_wconf 72' lang='lat' dir='ltr'>accersat</span> 
     </span>
     <span class='ocr_line' id='line_1_42' title="bbox 310 4580 2340 4685; baseline 0.003 -22"><span class='ocrx_word' id='word_1_419' title='bbox 310 4593 468 4685; x_wconf 88' lang='lat' dir='ltr'>ptionem</span> <span class='ocrx_word' id='word_1_420' title='bbox 493 4592 547 4661; x_wconf 90' lang='lat' dir='ltr'>tui</span> <span class='ocrx_word' id='word_1_421' title='bbox 568 4591 740 4675; x_wconf 90' lang='lat' dir='ltr'>nominis,</span> <span class='ocrx_word' id='word_1_422' title='bbox 770 4593 830 4659; x_wconf 90' lang='lat' dir='ltr'>sed</span> <span class='ocrx_word' id='word_1_423' title='bbox 863 4592 968 4661; x_wconf 87' lang='lat' dir='ltr'>ctiam</span> <span class='ocrx_word' id='word_1_424' title='bbox 1000 4591 1155 4679; x_wconf 81' lang='lat' dir='ltr'>sigillum</span> <span class='ocrx_word' id='word_1_425' title='bbox 1177 4592 1299 4665; x_wconf 87' lang='lat' dir='ltr'>addas.</span> <span class='ocrx_word' id='word_1_426' title='bbox 1349 4580 1517 4657; x_wconf 80' lang='lat' dir='ltr'>Sabinus</span> <span class='ocrx_word' id='word_1_427' title='bbox 1529 4602 1591 4658; x_wconf 90' lang='lat' dir='ltr'>aut</span> <span class='ocrx_word' id='word_1_428' title='bbox 1603 4589 1698 4661; x_wconf 91' lang='lat' dir='ltr'>mitti</span> <span class='ocrx_word' id='word_1_429' title='bbox 1712 4593 1826 4678; x_wconf 88' lang='lat' dir='ltr'>volet,</span> <span class='ocrx_word' id='word_1_430' title='bbox 1852 4595 1959 4662; x_wconf 84' lang='lat' dir='ltr'>velim</span> <span class='ocrx_word' id='word_1_431' title='bbox 1984 4618 2061 4663; x_wconf 90' lang='lat' dir='ltr'>eam</span> <span class='ocrx_word' id='word_1_432' title='bbox 2082 4596 2187 4667; x_wconf 81' lang='lat' dir='ltr'>mitti.</span> <span class='ocrx_word' id='word_1_433' title='bbox 2232 4598 2340 4670; x_wconf 91' lang='lat' dir='ltr'>Nunc</span> 
     </span>
     <span class='ocr_line' id='line_1_43' title="bbox 311 4684 2339 4788; baseline 0.004 -25"><span class='ocrx_word' id='word_1_434' title='bbox 311 4694 473 4765; x_wconf 83' lang='lat' dir='ltr'>Fortasse</span> <span class='ocrx_word' id='word_1_435' title='bbox 489 4692 583 4759; x_wconf 83' lang='lat' dir='ltr'>dices</span> <span class='ocrx_word' id='word_1_436' title='bbox 596 4690 723 4777; x_wconf 84' lang='lat' dir='ltr'>frigide</span> <span class='ocrx_word' id='word_1_437' title='bbox 741 4692 921 4762; x_wconf 86' lang='lat' dir='ltr'>laudatum</span> <span class='ocrx_word' id='word_1_438' title='bbox 939 4713 1023 4760; x_wconf 87' lang='lat' dir='ltr'>esse.</span> <span class='ocrx_word' id='word_1_439' title='bbox 1074 4692 1144 4761; x_wconf 86' lang='lat' dir='ltr'>Sed</span> <span class='ocrx_word' id='word_1_440' title='bbox 1169 4715 1232 4779; x_wconf 84' lang='lat' dir='ltr'>ego</span> <span class='ocrx_word' id='word_1_441' title='bbox 1259 4692 1297 4759; x_wconf 90' lang='lat' dir='ltr'>in</span> <span class='ocrx_word' id='word_1_442' title='bbox 1349 4688 1446 4756; x_wconf 90' lang='lat' dir='ltr'>enim</span> <span class='ocrx_word' id='word_1_443' title='bbox 1465 4689 1600 4758; x_wconf 88' lang='lat' dir='ltr'>nullam</span> <span class='ocrx_word' id='word_1_444' title='bbox 1616 4684 1739 4777; x_wconf 91' lang='lat' dir='ltr'>babet,</span> <span class='ocrx_word' id='word_1_445' title='bbox 1765 4706 1799 4761; x_wconf 89' lang='lat' dir='ltr'>et</span> <span class='ocrx_word' id='word_1_446' title='bbox 1814 4716 1888 4765; x_wconf 88' lang='lat' dir='ltr'>mea</span> <span class='ocrx_word' id='word_1_447' title='bbox 1904 4696 1976 4766; x_wconf 84' lang='lat' dir='ltr'>lilia</span> <span class='ocrx_word' id='word_1_448' title='bbox 1991 4720 2064 4766; x_wconf 93' lang='lat' dir='ltr'>non</span> <span class='ocrx_word' id='word_1_449' title='bbox 2079 4711 2129 4788; x_wconf 87' lang='lat' dir='ltr'>est</span> <span class='ocrx_word' id='word_1_450' title='bbox 2143 4721 2207 4787; x_wconf 89' lang='lat' dir='ltr'>par</span> <span class='ocrx_word' id='word_1_451' title='bbox 2219 4700 2339 4771; x_wconf 86' lang='lat' dir='ltr'>labori</span> 
     </span>
     <span class='ocr_line' id='line_1_44' title="bbox 311 4784 2340 4895; baseline 0.003 -29"><span class='ocrx_word' id='word_1_452' title='bbox 311 4793 380 4867; x_wconf 90' lang='lat' dir='ltr'>hoc</span> <span class='ocrx_word' id='word_1_453' title='bbox 397 4805 496 4863; x_wconf 90' lang='lat' dir='ltr'>tanto</span> <span class='ocrx_word' id='word_1_454' title='bbox 511 4814 589 4859; x_wconf 91' lang='lat' dir='ltr'>meo</span> <span class='ocrx_word' id='word_1_455' title='bbox 604 4791 700 4859; x_wconf 90' lang='lat' dir='ltr'>luctu</span> <span class='ocrx_word' id='word_1_456' title='bbox 715 4791 800 4882; x_wconf 86' lang='lat' dir='ltr'>quid</span> <span class='ocrx_word' id='word_1_457' title='bbox 820 4816 961 4881; x_wconf 87' lang='lat' dir='ltr'>possum</span> <span class='ocrx_word' id='word_1_458' title='bbox 974 4792 1048 4861; x_wconf 92' lang='lat' dir='ltr'>ulla</span> <span class='ocrx_word' id='word_1_459' title='bbox 1070 4795 1113 4859; x_wconf 92' lang='lat' dir='ltr'>de</span> <span class='ocrx_word' id='word_1_460' title='bbox 1136 4816 1174 4860; x_wconf 90' lang='lat' dir='ltr'>re</span> <span class='ocrx_word' id='word_1_461' title='bbox 1195 4794 1298 4861; x_wconf 89' lang='lat' dir='ltr'>lucu·</span> <span class='ocrx_word' id='word_1_462' title='bbox 1348 4788 1435 4863; x_wconf 88' lang='lat' dir='ltr'>sola.</span> <span class='ocrx_word' id='word_1_463' title='bbox 1492 4784 1547 4858; x_wconf 88' lang='lat' dir='ltr'>Ac</span> <span class='ocrx_word' id='word_1_464' title='bbox 1565 4789 1657 4859; x_wconf 90' lang='lat' dir='ltr'>malo</span> <span class='ocrx_word' id='word_1_465' title='bbox 1680 4790 1868 4864; x_wconf 87' lang='lat' dir='ltr'>Misnicam</span> <span class='ocrx_word' id='word_1_466' title='bbox 1891 4797 1959 4889; x_wconf 91' lang='lat' dir='ltr'>ipsi</span> <span class='ocrx_word' id='word_1_467' title='bbox 1988 4798 2193 4888; x_wconf 84' lang='lat' dir='ltr'>adiungere,</span> <span class='ocrx_word' id='word_1_468' title='bbox 2227 4826 2340 4895; x_wconf 85' lang='lat' dir='ltr'>quam</span> 
     </span>
     <span class='ocr_line' id='line_1_45' title="bbox 311 4885 1751 4984; baseline -0.001 -19"><span class='ocrx_word' id='word_1_469' title='bbox 311 4899 426 4968; x_wconf 88' lang='lat' dir='ltr'>lenter</span> <span class='ocrx_word' id='word_1_470' title='bbox 456 4891 633 4963; x_wconf 79' lang='lat' dir='ltr'>scribere?</span> <span class='ocrx_word' id='word_1_471' title='bbox 681 4888 735 4969; x_wconf 89' lang='lat' dir='ltr'>De</span> <span class='ocrx_word' id='word_1_472' title='bbox 762 4892 824 4958; x_wconf 87' lang='lat' dir='ltr'>illo</span> <span class='ocrx_word' id='word_1_473' title='bbox 849 4917 1039 4962; x_wconf 85' lang='lat' dir='ltr'>verorum</span> <span class='ocrx_word' id='word_1_474' title='bbox 1067 4892 1200 4981; x_wconf 86' lang='lat' dir='ltr'>cogito,</span> <span class='ocrx_word' id='word_1_475' title='bbox 1231 4917 1298 4984; x_wconf 85' lang='grc' dir='ltr'>με·</span> <span class='ocrx_word' id='word_1_476' title='bbox 1347 4888 1503 4982; x_wconf 88' lang='lat' dir='ltr'>aliquam</span> <span class='ocrx_word' id='word_1_477' title='bbox 1519 4885 1751 4969; x_wconf 87' lang='lat' dir='ltr'>Marcbicam.</span> 
     </span>
    </p>

    <p class='ocr_par' dir='ltr' id='par_1_16' title="bbox 312 4985 1366 5091">
     <span class='ocr_line' id='line_1_46' title="bbox 312 4985 1366 5091; baseline -0.006 -20"><span class='ocrx_word' id='word_1_478' title='bbox 312 4997 438 5091; x_wconf 76' lang='grc' dir='ltr'><strong><em>ταῤῥεῖ</em></strong></span> <span class='ocrx_word' id='word_1_479' title='bbox 456 4989 558 5066; x_wconf 67' lang='lat' dir='ltr'>duur</span> <span class='ocrx_word' id='word_1_480' title='bbox 571 4988 614 5064; x_wconf 87' lang='grc' dir='ltr'>τὸ</span> <span class='ocrx_word' id='word_1_481' title='bbox 632 4985 726 5081; x_wconf 76' lang='grc' dir='ltr'><em>αἷμα</em></span> <span class='ocrx_word' id='word_1_482' title='bbox 747 4988 939 5062; x_wconf 80' lang='grc' dir='ltr'><strong><em>ἄλλοσέποι</em></strong></span> <span class='ocrx_word' id='word_1_483' title='bbox 959 4997 1038 5064; x_wconf 82' lang='grc' dir='ltr'>τῶν</span> <span class='ocrx_word' id='word_1_484' title='bbox 1060 4986 1296 5091; x_wconf 75' lang='grc' dir='ltr'><strong><em>σπλάγχνων.</em></strong></span> <span class='ocrx_word' id='word_1_485' title='bbox 1360 5049 1366 5055; x_wconf 77' lang='grc'><strong>.</strong></span> 
     </span>
    </p>

    <p class='ocr_par' dir='ltr' id='par_1_17' title="bbox 313 5092 2345 5187">
     <span class='ocr_line' id='line_1_47' title="bbox 313 5092 2345 5187; baseline -0.002 -22"><span class='ocrx_word' id='word_1_486' title='bbox 313 5100 363 5171; x_wconf 86' lang='lat' dir='ltr'>Et</span> <span class='ocrx_word' id='word_1_487' title='bbox 377 5110 524 5187; x_wconf 79' lang='lat' dir='ltr'>augetur</span> <span class='ocrx_word' id='word_1_488' title='bbox 538 5118 637 5166; x_wconf 90' lang='lat' dir='ltr'>meus</span> <span class='ocrx_word' id='word_1_489' title='bbox 658 5094 780 5173; x_wconf 87' lang='lat' dir='ltr'>dolor,</span> <span class='ocrx_word' id='word_1_490' title='bbox 804 5095 899 5184; x_wconf 91' lang='lat' dir='ltr'>quod</span> <span class='ocrx_word' id='word_1_491' title='bbox 918 5108 1024 5163; x_wconf 88' lang='lat' dir='ltr'>meet</span> <span class='ocrx_word' id='word_1_492' title='bbox 1046 5119 1142 5164; x_wconf 88' lang='lat' dir='ltr'>meos</span> <span class='ocrx_word' id='word_1_493' title='bbox 1159 5108 1297 5164; x_wconf 89' lang='lat' dir='ltr'>tantum</span> <span class='ocrx_word' id='word_1_494' title='bbox 1361 5092 2345 5127; x_wconf 48' lang='lat' dir='ltr'><em>mmm·-</em></span> 
     </span>
    </p>
   </div>
   <div class='ocr_carea' id='block_1_13' title="bbox 314 5193 2326 5314">
    <p class='ocr_par' dir='ltr' id='par_1_18' title="bbox 314 5193 2326 5314">
     <span class='ocr_line' id='line_1_48' title="bbox 314 5193 2326 5314; baseline 0.005 -41"><span class='ocrx_word' id='word_1_495' title='bbox 314 5200 469 5273; x_wconf 88' lang='lat' dir='ltr'>accusari</span> <span class='ocrx_word' id='word_1_496' title='bbox 485 5199 607 5283; x_wconf 89' lang='lat' dir='ltr'>video,</span> <span class='ocrx_word' id='word_1_497' title='bbox 633 5196 734 5265; x_wconf 91' lang='lat' dir='ltr'>illum</span> <span class='ocrx_word' id='word_1_498' title='bbox 751 5195 853 5285; x_wconf 90' lang='lat' dir='ltr'>culpa</span> <span class='ocrx_word' id='word_1_499' title='bbox 870 5193 1033 5279; x_wconf 87' lang='lat' dir='ltr'>liberari,</span> <span class='ocrx_word' id='word_1_500' title='bbox 1060 5198 1121 5288; x_wconf 91' lang='lat' dir='ltr'>qui</span> <span class='ocrx_word' id='word_1_501' title='bbox 1136 5221 1208 5277; x_wconf 88' lang='lat' dir='ltr'>me,</span> <span class='ocrx_word' id='word_1_502' title='bbox 1235 5199 1298 5289; x_wconf 90' lang='lat' dir='ltr'>qui</span> <span class='ocrx_word' id='word_1_503' title='bbox 1347 5218 1415 5295; x_wconf 66' lang='lat' dir='ltr'>qq„⁸</span> <span class='ocrx_word' id='word_1_504' title='bbox 1432 5220 1544 5294; x_wconf 54' lang='lat'><strong>2965,</strong></span> <span class='ocrx_word' id='word_1_505' title='bbox 2179 5247 2236 5312; x_wconf 43' lang='lat'>14·</span> <span class='ocrx_word' id='word_1_506' title='bbox 2256 5242 2326 5314; x_wconf 85' lang='lat' dir='ltr'>lun.</span> 
     </span>
    </p>
   </div>
   <div class='ocr_carea' id='block_1_14' title="bbox 313 5289 2338 5389">
    <p class='ocr_par' dir='ltr' id='par_1_19' title="bbox 313 5289 2338 5389">
     <span class='ocr_line' id='line_1_49' title="bbox 313 5289 2338 5389; baseline -0.005 -15"><span class='ocrx_word' id='word_1_507' title='bbox 313 5305 475 5374; x_wconf 88' lang='lat' dir='ltr'>miseram</span> <span class='ocrx_word' id='word_1_508' title='bbox 500 5289 685 5368; x_wconf 88' lang='lat' dir='ltr'>mulierem</span> <span class='ocrx_word' id='word_1_509' title='bbox 713 5321 826 5366; x_wconf 89' lang='lat' dir='ltr'>meam</span> <span class='ocrx_word' id='word_1_510' title='bbox 858 5297 1064 5386; x_wconf 81' lang='lat' dir='ltr'>coniugem,</span> <span class='ocrx_word' id='word_1_511' title='bbox 1098 5298 1159 5389; x_wconf 88' lang='lat' dir='ltr'>qui</span> <span class='ocrx_word' id='word_1_512' title='bbox 1184 5324 1298 5368; x_wconf 89' lang='lat' dir='ltr'>meam</span> <span class='ocrx_word' id='word_1_513' title='bbox 1354 5318 1528 5351; x_wconf 54' lang='grc' dir='ltr'>Μ</span> <span class='ocrx_word' id='word_1_514' title='bbox 2160 5333 2338 5368; x_wconf 54' lang='lat' dir='ltr'>w„</span> 
     </span>
    </p>
   </div>
   <div class='ocr_carea' id='block_1_15' title="bbox 313 5380 2177 5517">
    <p class='ocr_par' dir='ltr' id='par_1_20' title="bbox 313 5380 2177 5517">
     <span class='ocr_line' id='line_1_50' title="bbox 313 5380 2177 5517; baseline 0.006 -44"><span class='ocrx_word' id='word_1_515' title='bbox 313 5405 424 5473; x_wconf 86' lang='lat' dir='ltr'>liliam</span> <span class='ocrx_word' id='word_1_516' title='bbox 457 5402 526 5471; x_wconf 87' lang='lat' dir='ltr'>iarn</span> <span class='ocrx_word' id='word_1_517' title='bbox 556 5422 668 5469; x_wconf 87' lang='lat' dir='ltr'>anuos</span> <span class='ocrx_word' id='word_1_518' title='bbox 695 5412 774 5468; x_wconf 91' lang='lat' dir='ltr'>octo</span> <span class='ocrx_word' id='word_1_519' title='bbox 803 5398 1049 5488; x_wconf 91' lang='lat' dir='ltr'>multipliciter</span> <span class='ocrx_word' id='word_1_520' title='bbox 1076 5401 1299 5473; x_wconf 86' lang='lat' dir='ltr'>excruciavit.</span> <span class='ocrx_word' id='word_1_521' title='bbox 1567 5394 1804 5478; x_wconf 70' lang='lat' dir='ltr'>Marcellus</span> <span class='ocrx_word' id='word_1_522' title='bbox 1833 5397 1895 5479; x_wconf 78' lang='lat' dir='ltr'>ad</span> <span class='ocrx_word' id='word_1_523' title='bbox 1923 5401 2143 5517; x_wconf 79' lang='lat' dir='ltr'>Zwt&#39;llt&#39;ng.</span> <span class='ocrx_word' id='word_1_524' title='bbox 2176 5380 2177 5389; x_wconf 8' lang='grc' dir='ltr'>ἵ</span> 
     </span>
    </p>
   </div>
   <div class='ocr_carea' id='block_1_16' title="bbox 313 5495 2346 5619">
    <p class='ocr_par' dir='ltr' id='par_1_21' title="bbox 313 5495 2346 5619">
     <span class='ocr_line' id='line_1_51' title="bbox 313 5495 2346 5619; baseline 0.016 -42"><span class='ocrx_word' id='word_1_525' title='bbox 313 5505 437 5599; x_wconf 74' lang='lat' dir='ltr'>Neque</span> <span class='ocrx_word' id='word_1_526' title='bbox 459 5528 501 5573; x_wconf 79' lang='lat' dir='ltr'>ex</span> <span class='ocrx_word' id='word_1_527' title='bbox 523 5496 589 5571; x_wconf 77' lang='lat' dir='ltr'>hac</span> <span class='ocrx_word' id='word_1_528' title='bbox 605 5500 774 5570; x_wconf 65' lang='lat' dir='ltr'>affinitate</span> <span class='ocrx_word' id='word_1_529' title='bbox 791 5501 946 5612; x_wconf 74' lang='lat' dir='ltr'>titullum</span> <span class='ocrx_word' id='word_1_530' title='bbox 959 5495 1076 5570; x_wconf 57' lang='lat' dir='ltr'>&amp;dilue</span> <span class='ocrx_word' id='word_1_531' title='bbox 1092 5496 1182 5569; x_wconf 67' lang='lat' dir='ltr'>mihi</span> <span class='ocrx_word' id='word_1_532' title='bbox 1199 5502 1301 5573; x_wconf 61' lang='lat' dir='ltr'>laeli·</span> <span class='ocrx_word' id='word_1_533' title='bbox 1420 5534 1522 5590; x_wconf 74' lang='lat' dir='ltr'>Manttt</span> <span class='ocrx_word' id='word_1_534' title='bbox 1535 5534 1635 5607; x_wconf 66' lang='grc' dir='ltr'>λιπες.</span> <span class='ocrx_word' id='word_1_535' title='bbox 1647 5538 1746 5619; x_wconf 53' lang='grc' dir='ltr'>μλῖθ.</span> <span class='ocrx_word' id='word_1_536' title='bbox 1763 5566 1799 5579; x_wconf 87' lang='grc'>·-</span> <span class='ocrx_word' id='word_1_537' title='bbox 1829 5538 1958 5595; x_wconf 74' lang='grc' dir='ltr'>Νοιττυο</span> <span class='ocrx_word' id='word_1_538' title='bbox 1972 5547 2085 5601; x_wconf 89' lang='lat' dir='ltr'>nomine</span> <span class='ocrx_word' id='word_1_539' title='bbox 2097 5548 2258 5605; x_wconf 85' lang='lat' dir='ltr'>Marcellum</span> <span class='ocrx_word' id='word_1_540' title='bbox 2272 5551 2346 5610; x_wconf 78' lang='lat' dir='ltr'>bane</span> 
     </span>
    </p>
   </div>
   <div class='ocr_carea' id='block_1_17' title="bbox 840 5603 2363 5752">
    <p class='ocr_par' dir='ltr' id='par_1_22' title="bbox 840 5603 2363 5752">
     <span class='ocr_line' id='line_1_52' title="bbox 1183 5603 2363 5685; baseline 0.023 -35"><span class='ocrx_word' id='word_1_541' title='bbox 1183 5665 1185 5670; x_wconf 28' lang='grc' dir='ltr'>Ι</span> <span class='ocrx_word' id='word_1_542' title='bbox 1445 5603 1586 5684; x_wconf 70' lang='lat' dir='ltr'>epistolam</span> <span class='ocrx_word' id='word_1_543' title='bbox 1600 5624 1753 5675; x_wconf 75' lang='lat' dir='ltr'>scripsisse,</span> <span class='ocrx_word' id='word_1_544' title='bbox 1770 5606 1888 5661; x_wconf 84' lang='lat' dir='ltr'>sedeam</span> <span class='ocrx_word' id='word_1_545' title='bbox 1904 5615 2107 5685; x_wconf 77' lang='lat' dir='ltr'>praescripsisse</span> <span class='ocrx_word' id='word_1_546' title='bbox 2126 5618 2206 5674; x_wconf 77' lang='lat' dir='ltr'>alicui</span> <span class='ocrx_word' id='word_1_547' title='bbox 2227 5639 2344 5677; x_wconf 81' lang='lat' dir='ltr'>suorum</span> <span class='ocrx_word' id='word_1_548' title='bbox 2360 5614 2363 5618; x_wconf 57' lang='grc'>’</span> 
     </span>
     <span class='ocr_line' id='line_1_53' title="bbox 840 5669 2228 5752; baseline 0.025 -43"><span class='ocrx_word' id='word_1_549' title='bbox 840 5714 844 5720; x_wconf 51' lang='grc'><strong>,</strong></span> <span class='ocrx_word' id='word_1_550' title='bbox 1441 5669 1652 5743; x_wconf 77' lang='lat' dir='ltr'>discipulorum,</span> <span class='ocrx_word' id='word_1_551' title='bbox 1671 5673 1825 5745; x_wconf 75' lang='lat' dir='ltr'>Torgense,</span> <span class='ocrx_word' id='word_1_552' title='bbox 1844 5696 1900 5732; x_wconf 89' lang='lat' dir='ltr'>non</span> <span class='ocrx_word' id='word_1_553' title='bbox 1917 5683 2044 5752; x_wconf 86' lang='lat' dir='ltr'>estquod</span> <span class='ocrx_word' id='word_1_554' title='bbox 2060 5704 2228 5743; x_wconf 84' lang='lat' dir='ltr'>moneamus.</span> 
     </span>
    </p>
   </div>
   <div class='ocr_carea' id='block_1_18' title="bbox 277 5826 1840 5993">
    <p class='ocr_par' dir='ltr' id='par_1_23' title="bbox 277 5826 1840 5993">
     <span class='ocr_line' id='line_1_54' title="bbox 347 5826 1576 5905; baseline 0.002 -17"><span class='ocrx_word' id='word_1_555' title='bbox 347 5836 376 5905; x_wconf 83' lang='grc'>6)</span> <span class='ocrx_word' id='word_1_556' title='bbox 394 5833 459 5889; x_wconf 83' lang='lat' dir='ltr'>Pes.</span> <span class='ocrx_word' id='word_1_557' title='bbox 473 5830 621 5887; x_wconf 79' lang='lat' dir='ltr'>mendose:</span> <span class='ocrx_word' id='word_1_558' title='bbox 637 5829 714 5885; x_wconf 76' lang='lat'>1⁵54.</span> <span class='ocrx_word' id='word_1_559' title='bbox 1354 5826 1576 5846; x_wconf 75' lang='grc'><em>“““““”“”““</em></span> 
     </span>
     <span class='ocr_line' id='line_1_55' title="bbox 277 5913 1840 5993; baseline 0.009 -28"><span class='ocrx_word' id='word_1_560' title='bbox 277 5961 279 5965; x_wconf 91' lang='grc'>.</span> <span class='ocrx_word' id='word_1_561' title='bbox 348 5913 380 5993; x_wconf 79' lang='lat' dir='ltr'>t)</span> <span class='ocrx_word' id='word_1_562' title='bbox 395 5918 579 5979; x_wconf 82' lang='lat' dir='ltr'>Pmetermisit</span> <span class='ocrx_word' id='word_1_563' title='bbox 591 5916 656 5972; x_wconf 82' lang='lat' dir='ltr'>Pes.</span> <span class='ocrx_word' id='word_1_564' title='bbox 666 5916 740 5972; x_wconf 78' lang='lat' dir='ltr'>taec.</span> <span class='ocrx_word' id='word_1_565' title='bbox 1387 5916 1419 5987; x_wconf 72' lang='lat' dir='ltr'>*l</span> <span class='ocrx_word' id='word_1_566' title='bbox 1437 5927 1467 5973; x_wconf 88' lang='lat' dir='ltr'>ut</span> <span class='ocrx_word' id='word_1_567' title='bbox 1480 5916 1535 5972; x_wconf 82' lang='lat' dir='ltr'>filia</span> <span class='ocrx_word' id='word_1_568' title='bbox 1545 5917 1578 5974; x_wconf 84' lang='lat' dir='ltr'>P.</span> <span class='ocrx_word' id='word_1_569' title='bbox 1591 5918 1632 5975; x_wconf 82' lang='grc' dir='ltr'>Μ.</span> <span class='ocrx_word' id='word_1_570' title='bbox 1645 5917 1840 5979; x_wconf 66' lang='lat' dir='ltr'>contueretur.</span> 
     </span>
    </p>
   </div>
   <div class='ocr_carea' id='block_1_19' title="bbox 0 0 2680 6916">
    <p class='ocr_par' dir='ltr' id='par_1_24' title="bbox 0 0 2680 6916">
     <span class='ocr_line' id='line_1_56' title="bbox 0 0 2680 6916; baseline 0 0"><span class='ocrx_word' id='word_1_571' title='bbox 0 0 2680 6916; x_wconf 95' lang='lat' dir='ltr'> </span> 
     </span>
    </p>
   </div>
  </div>
 </body>
</html>
