5325 6917
306 582 383 659 aaa
881 571 1319 686 amsronaauu
1374 578 1482 658 arn.
1522 578 1587 659 1x.
1637 580 1773 674 1545.
2279 590 2354 665 aaa

311 769 383 826 tem
397 748 532 844 patriae
547 763 778 846 nonutantum
800 744 868 818 hoc
884 749 1019 833 solum,
1045 750 1140 841 qood
1158 731 1306 819 nascen·
1401 743 1592 829 Τεσσόμενσι
1613 747 1809 816 λεύσσουσιν·
1834 748 1851 817 ὅ
1877 751 1911 816 δ’
1932 751 2097 861 depellas
2117 754 2255 843 ἀγορεύει

310 870 363 926 tes
392 853 546 944 excepit,
579 863 641 922 aut
665 847 751 921 hacc
776 849 955 939 tuguriola
976 850 1240 939 intelligantur,
1265 851 1305 918 in
1397 836 1500 898 Αῑδθῖ
1514 836 1672 947 Ιμαλ’)ίῖῃσ
1692 836 1770 917 perd
1791 837 1827 901 δὲ
1844 837 1948 923 ''95⁷²“
1971 842 2194 926 arrepturae.

312 957 442 1051 quibus
465 976 592 1043 magno
616 953 737 1021 dolore
763 965 916 1020 matrum
937 952 1123 1039 vagientes
1136 952 1221 1024 editi
1243 976 1305 1022 su·
2065 972 2177 1045 (Odyo.
2193 981 2225 1032 θ.
2239 977 2311 1045 170.)

311 1082 408 1127 mus:
446 1058 506 1125 sed
530 1055 635 1123 simul
661 1053 935 1142 complectamur
957 1076 1073 1136 sacra,
1099 1053 1210 1141 leges,
1237 1048 1305 1122 ho-

311 1173 410 1229 nesta
432 1158 611 1239 instituta,
645 1149 793 1226 scholas.
851 1150 943 1222 Nam
969 1148 1025 1220 his
1049 1155 1155 1223 rebus
1176 1156 1304 1223 educa·
1356 1147 1539 1237 Quantum
1566 1152 1672 1222 decus
1694 1166 1762 1237 est,
1789 1152 1828 1221 in
1852 1178 1980 1244 magno
1997 1157 2145 1227 consilio
2173 1161 2219 1229 ab
2238 1163 2346 1233 unius

312 1261 466 1343 tionem,
492 1256 709 1339 doctrinam,
735 1253 876 1322 virtutis
901 1255 1119 1324 intellectum
1144 1270 1177 1325 et
1203 1256 1303 1346 agni·
1354 1253 1425 1321 viri
1447 1277 1507 1321 ore
1530 1267 1661 1323 ceteros
1683 1256 1854 1345 pendere,
1881 1258 2073 1349 etquidem
2097 1259 2237 1342 laetari,
2264 1288 2344 1334 cum
2442 1257 2448 1267 ⁸

312 1362 446 1432 tionem
462 1357 529 1428 Dei
553 1359 733 1429 debemus.
783 1353 987 1424 Haecboua
1010 1357 1303 1425 cumsintmaio-
1357 1354 1415 1421 ille
1444 1359 1487 1421 ad
1518 1356 1707 1424 dicendum
1737 1357 1865 1446 surgit3
1901 1373 2085 1450 propterca
2116 1366 2211 1453 quod
2243 1387 2344 1455 saepe

312 1487 370 1547 ra,
396 1483 502 1554 quam
523 1460 598 1550 ipsa
620 1459 713 1542 vita,
746 1470 781 1526 et
803 1481 877 1525 nou
901 1458 1016 1526 solum
1039 1472 1159 1527 nostra
1182 1482 1302 1527 caussa
1356 1455 1393 1522 iu
1417 1479 1543 1544 magua
1568 1457 1803 1547 trepidatione
1834 1458 1985 1528 salutare
2006 1462 2194 1531 eonsilium
2220 1478 2255 1534 et
2278 1468 2344 1535 ob·

247 1561 251 1572 ⁴
311 1565 443 1634 tuenda
464 1562 552 1640 sint,
586 1560 647 1642 sed
668 1559 775 1628 etiam
796 1573 940 1648 propter
960 1559 1215 1648 posteritatem,
1250 1562 1303 1628 la·
1355 1579 1474 1625 scurae
1492 1558 1642 1626 alicuius
1656 1560 1707 1626 rei
1721 1583 1761 1628 ac
1778 1559 1907 1629 dubiae
1922 1561 2103 1652 explicatio
2120 1569 2345 1654 expectatur?

312 1665 378 1735 cile
403 1662 553 1751 intelligi
576 1673 711 1751 potest,
744 1662 1037 1750 propugnandam
1060 1684 1132 1727 esse
1152 1662 1302 1751 patriam
1355 1656 1451 1745 Quid
1469 1672 1521 1726 est
1544 1660 1753 1749 optabilius,
1779 1685 1885 1753 quam
1901 1676 1942 1731 ut
1964 1663 2100 1734 civibus
2117 1666 2186 1735 tuis
2202 1681 2262 1736 tua
2276 1694 2344 1738 vox

311 1769 401 1837 bene
423 1776 594 1832 moratam
618 1775 654 1832 et
675 1761 842 1831 omnibus
867 1762 1012 1845 officiis,
1035 1775 1202 1853 tauquam
1225 1787 1302 1831 ma·
1354 1760 1400 1828 sit
1420 1760 1603 1844 salutaris,
1638 1776 1672 1831 et
1699 1761 1770 1829 illis
1793 1764 1831 1829 in
1854 1764 2037 1834 communi
2059 1770 2342 1838 consternatione

312 1883 422 1951 trem,
445 1865 643 1936 fovendam.
701 1861 796 1931 Haec
812 1887 891 1931 cum
908 1858 1153 1932 honestissime
1168 1864 1302 1952 gravis·
1353 1874 1435 1929 tuus
1461 1877 1665 1952 conspectus
1680 1886 1786 1953 ,curas
1800 1866 1918 1934 demat
1942 1879 1976 1935 et
1995 1866 2088 1937 levet
2106 1870 2343 1940 moestitiam?

312 1970 470 2059 simeque
489 1960 547 2033 hic
566 1964 747 2048 dicautur,
771 1986 834 2053 ego
849 1964 992 2056 quidem
1008 1966 1171 2054 prodesse
1191 1966 1302 2033 mori·
1352 1959 1492 2030 Deinde
1508 1963 1737 2051 sapientiam,
1762 1965 1967 2054 gravitatem
1992 1983 2027 2038 et
2042 1970 2248 2040 suavitatem
2264 1996 2342 2040 ma·
2447 2041 2453 2046 ,

312 2072 381 2140 bus
411 2062 539 2136 harum
573 2066 728 2156 ipsarum
767 2089 886 2134 rerum
919 2065 1302 2150 commemorationem,
1352 2086 1457 2150 gnam
1481 2058 1629 2133 Oratori
1652 2065 1796 2150 tribuit,
1822 2091 1902 2136 curn
1924 2066 1973 2136 ait
1997 2093 2076 2138 eum
2094 2071 2344 2163 circumspecte

313 2193 402 2265 quae
424 2168 462 2235 in
482 2165 548 2237 hac
564 2168 724 2237 oratione
741 2167 976 2255 colliguntur,
1002 2167 1132 2241 iudico.
1184 2167 1253 2238 Sed
1272 2168 1302 2235 si
1353 2179 1446 2234 certa
1472 2169 1642 2257 quaedam
1670 2166 1796 2241 elicere.
1855 2170 1896 2236 ld
1919 2183 1971 2240 est
1994 2170 2088 2239 enim
2112 2172 2340 2263 intelligentis

312 2272 377 2365 qui
408 2282 507 2353 suut,
540 2270 602 2361 qui
624 2293 742 2339 rerum
766 2269 964 2337 doctrinam
990 2280 1127 2337 tantum
1152 2294 1193 2337 ex
1222 2270 1301 2337 aliis
1353 2266 1575 2355 negotiorum
1591 2268 1752 2338 sonteset
1768 2283 1859 2339 recte
1876 2270 2082 2341 iudicantis:
2110 2288 2144 2342 et
2160 2274 2266 2344 simul
2285 2300 2341 2345 re·

312 2372 472 2442 fontibus
493 2372 566 2461 peti
589 2369 734 2453 volunt,
761 2364 801 2438 hi
828 2383 946 2438 tamen
969 2394 1041 2438 non
1075 2366 1299 2460 prohibeant,
1352 2364 2127 2461 verentiamOratoricircumdatetgratiam:
2146 2370 2339 2446 haeceuim

312 2497 384 2566 quo
406 2472 524 2541 minus
548 2467 633 2541 haec
655 2472 784 2563 scripta
807 2470 971 2550 iuventus
985 2486 1129 2562 propter
1143 2473 1300 2561 linguam
1351 2469 1481 2537 multas
1511 2472 1657 2541 virtutes
1686 2472 1979 2562 complectuntur.
2044 2470 2159 2546 Audit
2189 2476 2339 2547 Senatus

313 2589 348 2645 et
371 2574 542 2644 orationis
563 2574 715 2642 formam
738 2573 840 2661 legat.
891 2569 994 2641 Certe
1010 2596 1099 2662 opus
1119 2587 1172 2643 est
1186 2572 1300 2642 Grae·
1350 2567 1537 2641 Romanus
1570 2595 1650 2639 vera
1686 2573 1887 2642 animorum
1920 2577 2116 2646 reverentia
2155 2575 2336 2664 Laelium;

313 2701 373 2746 cae
396 2676 535 2765 linguae
550 2675 752 2764 cognitione
776 2686 810 2743 et
827 2673 872 2742 ad
889 2674 1155 2762 intelligendam
1179 2699 1219 2744 ac
1240 2699 1300 2743 ex·
1352 2695 1425 2740 non
1450 2672 1550 2739 audit
1569 2672 1678 2741 simili
1700 2674 1819 2743 studio
1838 2672 2049 2760 Catilinam,
2075 2679 2158 2770 quia
2184 2681 2339 2769 dignita-

311 2778 513 2869 plicandam
532 2777 714 2846 coelestem
728 2775 924 2844 doctrinam
941 2788 975 2845 et
996 2778 1041 2844 ad
1057 2767 1300 2867 percipiendas
1352 2786 1421 2841 tem
1437 2767 1582 2842 Oratori
1597 2775 1687 2841 vitae
1702 2776 1854 2864 gravitas
1870 2792 1910 2853 et,
1917 2777 2087 2848 modestia
2102 2780 2140 2847 in
2155 2781 2291 2850 actione
2305 2796 2340 2852 et

311 2879 398 2949 alias
421 2894 513 2949 artes
535 2878 628 2947 vitae
655 2876 876 2948 necessarias.
933 2874 1073 2946 Deinde
1094 2877 1184 2946 ratio
1208 2890 1299 2947 recte
1351 2873 1390 2941 in
1404 2897 1566 2943 sermone
1580 2877 1727 2946 addunt.
1781 2873 1861 2945 Etsi
1878 2892 1994 2948 autem
2012 2893 2126 2950 toturn
2150 2877 2217 2951 hoc
2234 2884 2339 2952 decus

312 2980 457 3050 dicendi
478 2980 554 3048 sine
577 2977 682 3048 bonis
701 2978 868 3068 exemplis
889 2993 923 3049 et
939 2979 1014 3048 sine
1029 3002 1112 3049 cura
1129 2978 1299 3049 imitatio·
1351 2976 1570 3066 conspectius
1596 2990 1649 3046 est
1672 2975 1713 3044 in
1742 2977 1993 3048 excellentibus
2019 2975 2251 3070 Oratoribus,
2285 2999 2339 3055 ta-

313 3083 371 3150 nis
398 3081 487 3151 disci
509 3103 583 3148 non
601 3092 725 3171 potest.
784 3077 825 3148 Si
845 3079 925 3171 quis
952 3096 1070 3153 autem
1093 3079 1299 3165 arbitratur,
1350 3100 1432 3145 men
1448 3078 1551 3146 etiam
1565 3076 1752 3147 mediocris
1764 3081 2189 3152 senatoretconcionator
2203 3085 2242 3153 in
2256 3110 2339 3175 par-

312 3178 407 3253 uihil
423 3183 571 3266 referre,
596 3202 809 3274 quocunque
821 3183 928 3250 modo
944 3205 1000 3249 res
1021 3205 1166 3270 maguae
1189 3182 1300 3273 expli·
1351 3204 1396 3248 vo
1423 3192 1526 3248 coetu
1553 3179 1742 3248 consilium
1770 3192 1805 3248 et
1839 3181 2028 3251 salutarem
2057 3184 2268 3253 sententiam
2297 3188 2337 3253 iu

313 3298 454 3364 centur,
477 3279 516 3353 a‘c
530 3283 688 3352 sulficere
704 3304 949 3368 eumsouum,
971 3305 1076 3375 quem
1091 3284 1218 3375 cuique
1234 3308 1300 3353 na·
1351 3281 1456 3350 rebus
1473 3281 1787 3350 dubiisostendeus
1804 3294 1838 3349 et
1852 3283 2013 3374 diligitur
2027 3296 2060 3353 et
2076 3284 2214 3358 colitur.
2238 3284 2335 3356 llaec

312 3401 391 3457 tura
407 3384 589 3467 attribuit,
612 3396 674 3454 aut
689 3383 902 3453 ineruditam
924 3383 1096 3475 loquendi
1111 3399 1299 3455 consuetu·
1351 3383 1444 3451 bona
1461 3382 1657 3452 consideret
1671 3382 1837 3452 iuventus
1851 3407 1956 3479 seque
1970 3386 2113 3476 optimis
2128 3386 2262 3456 artibus
2278 3388 2336 3456 in-

313 3488 453 3569 dinem,
478 3509 541 3555 seu
562 3484 701 3583 ἄλογον
722 3479 876 3578 τρίβην,
910 3498 950 3554 ut
970 3486 1074 3555 multi
1097 3502 1299 3574 arrogantes
1349 3498 1478 3565 struat,
1503 3498 1545 3553 ut
1568 3484 1653 3564 olim
1681 3484 1719 3552 in
1744 3485 1871 3554 dandis
1887 3486 2045 3556 consiliis
2063 3488 2150 3556 etin
2166 3489 2337 3573 docendo,

313 3590 507 3672 somniant,
523 3581 636 3671 hi,ut
650 3582 742 3655 nihil
760 3586 874 3654 dicam
889 3588 1057 3678 asperius,
1069 3599 1102 3655 et
1118 3610 1154 3656 se
1170 3588 1299 3658 fallunt
1350 3585 1388 3652 iu
1403 3582 1559 3655 Ecclesia
1581 3599 1643 3654 aut
1659 3584 1699 3653 in
1714 3582 1846 3671 Curia,
1869 3588 2000 3658 dicturi
2024 3588 2157 3678 patriae
2170 3592 2335 3679 prodesse
2434 3627 2437 3632 ·

313 3691 397 3781 ipsi,
424 3703 458 3758 et
475 3688 558 3781 quia
570 3689 763 3757 multorum
780 3688 894 3756 studia
911 3688 1192 3777 lauguesaciuut‚
1215 3690 1297 3757 uni·
1349 3686 1496 3775 possint.
1546 3684 1725 3776 Legautur
1738 3686 1846 3776 igitur
1860 3704 2017 3759 veterum
2030 3689 2226 3774 orationes,
2246 3718 2336 3785 quae

311 3814 432 3860 versae
455 3790 548 3860 vitae
567 3803 706 3861 nocent.
756 3786 929 3878 Magnum
952 3791 1099 3860 omniuo
1122 3792 1227 3859 decus
1249 3806 1300 3861 est
1349 3801 1382 3856 et
1398 3812 1515 3855 rerum
1533 3790 1715 3857 scientiam
1730 3788 1847 3872 alunt,
1872 3803 1905 3858 et
1919 3802 2010 3858 recte
2026 3790 2168 3859 dicendi
2183 3793 2277 3860 viam
2296 3819 2336 3863 ac

311 3892 513 3986 eloquentia
529 3891 674 3960 uberior
696 3903 731 3960 et
747 3891 987 3980 splendidior,
1013 3915 1171 3984 quaeres
1187 3890 1299 3961 bonas
1349 3889 1520 3958 rationem
1537 3892 1738 3968 ostendunt.
1790 3885 1891 3957 Nihil
1910 3890 1980 3957 iam
1996 3892 2039 3959 de
2056 3891 2134 3959 aliis
2152 3894 2335 3983 scriptori-

312 4019 388 4063 non
408 3994 522 4062 solum
540 4006 631 4061 reete
646 4005 680 4061 et
697 3992 879 4081 perspicue
894 4016 1084 4082 exponere,
1117 3994 1177 4062 sed
1193 3994 1297 4063 etiam
1349 3990 1553 4059 buselicam.
1605 3985 1647 4057 ln
1662 3983 1719 4054 his
1735 3988 1820 4079 ipsis
1839 3990 1983 4079 pagellis
1998 3991 2153 4085 Lycurgi
2167 3993 2262 4066 videt
2284 3997 2335 4066 le-

310 4118 456 4184 augere,
480 4093 640 4163 attollere
663 4106 697 4163 et
718 4116 845 4160 ornare
870 4105 1001 4181 potest,
1027 4094 1142 4186 qualis
1158 4095 1213 4162 vel
1231 4094 1299 4164 Pe·
1347 4104 1441 4170 ctor,
1473 4114 1578 4182 quam
1601 4091 1751 4158 sormam
1774 4092 1945 4161 orationis
1969 4093 2224 4181 elegantissima
2247 4098 2335 4167 civi-

311 4199 417 4267 riclea
432 4196 579 4280 vis,vel
596 4193 776 4264 Platonica
790 4193 847 4263 vel
864 4191 1096 4264 Ciceroniana
1108 4196 1188 4268 suit.
1227 4195 1296 4267 Sed
1348 4207 1400 4263 tas
1419 4191 1598 4264 amaverit.
1633 4190 1794 4261 Primum
1811 4218 1867 4263 res
1882 4196 2056 4263 concinno
2072 4198 2198 4265 ordine
2214 4200 2335 4268 distri-

312 4321 375 4386 ego
393 4322 490 4367 nunc
505 4320 579 4365 non
594 4296 638 4364 de
652 4295 712 4364 illa
727 4295 930 4364 excellentia
948 4296 1094 4388 loquor,
1120 4321 1210 4390 quae
1224 4299 1299 4366 sin·
1349 4296 1452 4364 butae
1484 4306 1582 4361 suut:
1617 4306 1735 4383 postea
1766 4297 1964 4365 verecundo
1995 4318 2122 4383 genere
2149 4299 2333 4381 orationis,

312 4402 431 4490 gulare
445 4395 513 4470 Dei
527 4421 657 4467 munus
674 4411 724 4467 est
740 4411 776 4466 et
790 4398 911 4486 paucis
929 4399 1113 4486 contingit.
1163 4397 1217 4468 De
1232 4394 1298 4468 hac
1348 4394 1491 4485 proprio
1507 4418 1546 4462 ac
1560 4394 1664 4484 plane
1678 4395 1822 4476 melleo,
1847 4397 1990 4466 vestitae
2003 4410 2097 4468 suut.
2148 4397 2256 4468 Nulla
2274 4423 2334 4491 pe·

312 4497 492 4571 communi
510 4498 674 4568 facultate
693 4512 806 4581 recte,
832 4498 975 4582 ordine,
1000 4498 1199 4588 perspicue,
1224 4520 1297 4568 non
1348 4496 1489 4585 regrina
1520 4519 1605 4575 vox,
1647 4496 1766 4565 nullae
1793 4510 2028 4595 monstrosae
2046 4499 2213 4587 figurae„
2234 4502 2333 4570 nulla

313 4602 476 4691 sordide,
514 4623 588 4667 non
615 4600 710 4670 sutili
743 4600 948 4689 garrulitate
977 4600 1127 4669 docendi
1159 4600 1298 4693 loquor.
1347 4587 1552 4687 confragosa
1577 4596 1784 4688 compositio
1807 4598 1937 4688 legenti
1961 4599 2148 4690 obstrepit:
2179 4602 2333 4695 denique

310 4703 389 4774 Hoc
410 4703 545 4794 ipsum,
571 4702 665 4793 quod
688 4702 830 4793 quidem
855 4725 1042 4770 commuue
1061 4701 1182 4771 multis
1196 4716 1299 4793 puta-
1348 4724 1438 4793 quae
1464 4699 1509 4769 sit
1536 4697 1596 4766 illa
1622 4700 1738 4767 suavis
1765 4712 1800 4767 et
1827 4700 1975 4791 simplex
2005 4702 2120 4770 forma
2151 4704 2333 4786 orationis,

312 4820 391 4889 tur,
422 4819 539 4873 tamen
564 4816 597 4871 et
621 4801 764 4871 difficile
788 4814 859 4885 est,
886 4816 920 4872 et
941 4802 1018 4872 sine
1031 4803 1159 4887 literis,
1185 4804 1299 4873 varie·
1348 4800 1617 4894 quamproprie
1637 4813 1807 4870 vocarunt
1829 4796 2001 4885 Atticam,
2027 4802 2065 4870 in
2090 4799 2157 4872 hoc
2172 4807 2331 4895 exemplo

312 4921 382 4977 tate
414 4905 615 4987 doctrinae,
650 4903 866 4985 imitatione,
893 4905 1164 4988 assuefactione,
1197 4905 1299 4975 deni·
1347 4902 1499 4971 maxime
1528 4901 1682 4992 conspici
1709 4915 1831 4992 potest.
1886 4900 1936 4973 Ut
1958 4917 2074 4973 autem
2096 4906 2256 4973 videmus
2276 4906 2333 4996 pi-

312 5032 380 5102 que
393 5006 470 5074 sine
487 5007 679 5076 multarum
692 5005 820 5074 artium
841 5018 875 5074 et
892 5004 1062 5074 virtutum
1076 5007 1299 5098 copulatione
1348 5018 1461 5075 ctores
1484 5002 1727 5072 excellentium
1749 5003 1921 5073 artificum
1944 5027 2050 5094 opera
2074 5006 2118 5075 sit
2132 5008 2175 5075 ad
2190 5007 2332 5075 imitan-

313 5107 401 5200 elfgci
427 5131 499 5176 non
523 5121 646 5197 potest.
696 5102 802 5175 Extat
818 5106 910 5195 apud
927 5103 1123 5175 Homemm
1141 5108 1297 5177 laudatio
1348 5109 1432 5175 dum
1456 5126 1669 5194 proponere:
1696 5103 1743 5173 ita
1763 5106 1919 5194 prolecto
1943 5119 2102 5195 opusest
2121 5107 2160 5175 in
2174 5109 2333 5176 forman-

312 5207 477 5281 Oratoris
500 5203 556 5277 his
584 5208 761 5288 versibus,
795 5230 884 5299 quos
908 5208 1076 5277 omuibus
1095 5208 1299 5277 notissimos
1347 5209 1391 5275 da
1417 5208 1576 5276 oratioue
1600 5204 1732 5274 intueri
1755 5207 1792 5273 iu
1816 5207 1971 5297 exempla
1994 5231 2133 5287 eomm‚
2159 5209 2221 5301 qui
2241 5226 2334 5280 recte

257 5326 262 5334 '
312 5326 348 5382 et
367 5309 660 5381 familiarissimos
683 5333 773 5390 esse,
798 5309 870 5376 imo
891 5308 1017 5377 infixos
1039 5308 1200 5378 omnium
1220 5310 1297 5377 ani·
1347 5309 1486 5401 loquuti
1517 5318 1611 5375 suut.
1668 5303 1757 5376 Cum
1779 5319 1895 5375 autem
1921 5307 2067 5391 scirem,
2097 5309 2164 5379 tibi
2188 5334 2332 5400 magnae

311 5414 379 5484 mis
394 5410 556 5502 optarim.
605 5408 796 5480 Nonenim
818 5423 955 5479 tantum
973 5424 1139 5491 narrant,
1164 5424 1294 5504 quauta
1336 5407 1524 5504 *voluptati
1541 5408 1616 5474 lore
1631 5401 1737 5475 huius
1754 5408 1926 5476 orationis
1940 5407 2125 5480 lectionem
2142 5422 2175 5478 et
2189 5426 2333 5501 propter

313 5515 359 5607 sit
381 5512 491 5602 gloria
515 5525 607 5580 recte
629 5514 794 5596 dicentis,
820 5512 1001 5582 sedetiam
1018 5527 1185 5596 monent,
1212 5511 1296 5605 quid
1347 5508 1521 5580 sermonis
1545 5507 1751 5596 elegantiam
1774 5532 1832 5592 ac,
1857 5522 1898 5579 ut
1919 5509 1966 5578 ita
1988 5510 2119 5592 dicam,
2143 5513 2332 5581 candorem

313 5616 351 5683 in
368 5638 529 5684 sermone
546 5615 665 5680 deceat
680 5628 713 5682 et
731 5614 953 5682 efficiendum
968 5614 1030 5684 sit:
1301 5670 1306 5677 .
1349 5636 1423 5682 non
1446 5613 1623 5691 fucatum,
1655 5623 1689 5678 et
1711 5624 1854 5701 propter
1883 5634 2002 5681 rerum
2025 5609 2245 5702 gravitatem,
2278 5613 2333 5685 tui
2401 5699 2407 5709 Ι

351 5726 448 5796 Ἀλλὰ
469 5726 546 5801 θεὸς
565 5724 694 5811 μορφὴν
714 5722 795 5791 ineo:
817 5725 936 5812 στέφει·
956 5725 985 5792 oi
1007 5725 1042 5793 tt
1062 5723 1088 5792 τ’
1110 5727 1141 5805 le
1159 5723 1256 5792 αὐτὸν
1348 5712 1505 5785 nominis
1533 5709 1688 5799 auspicio
1710 5734 1786 5780 eam
1810 5710 1918 5796 edidi,
1981 5711 2116 5804 tegens
2138 5726 2255 5786 autem
2271 5715 2335 5823 ’ἰη-

1543 5802 1622 5886 53*
