5325 6917
744 788 897 864 419

754 954 889 1041 No.
918 951 1143 1025 2965.
2191 955 2348 1034 (fere
2374 955 2536 1021 med.
2561 950 2737 1035 Iun.)

2188 1048 2726 1088 w
2795 1103 2796 1111 ἵ

1478 1152 1559 1235 Ι.
1622 1149 2024 1264 Stigelio.

876 1311 1054 1369 Dant.
1082 1330 1206 1385 epp.
1235 1310 1424 1383 stiget.
1455 1329 1542 1383 ep.
1567 1310 1685 1382 22,
1724 1309 1851 1365 cod.
1878 1308 2044 1364 Goth.
2074 1308 2192 1363 188.
2212 1325 2300 1400 ep.
2327 1305 2451 1363 925

760 1446 1211 1527 Clarissimo
1246 1454 1435 1535 viro,
1482 1460 1547 1523 et
1594 1477 1643 1521 a
1676 1447 1934 1524 Musis
1967 1459 2115 1538 elga
2149 1442 2432 1521 Car-olo
2464 1442 2746 1544 Quinto
2799 1534 2801 1538 y
2849 1482 3131 1551 vatione
3156 1482 3380 1574 anqui
3408 1481 3921 1552 confirmabant
3961 1504 4232 1552 morem
4274 1480 4826 1554 circumi-“endi

762 1552 958 1651 Imp.
990 1564 1368 1643 coronato,
1417 1550 1789 1625 Ioanni
1835 1550 1940 1622 St
1962 1548 2155 1647 ige!
2166 1550 2198 1620 i
2212 1577 2293 1639 o,
2344 1550 2583 1619 amico
2609 1570 2748 1619 suo
2790 1589 2801 1657 γι
2851 1595 2920 1652 et
2964 1584 3311 1653 adorandi
3361 1583 3585 1674 panis,

1510 1648 1953 1726 charissimo
1969 1708 1990 1738 ‚

760 1786 855 1877 S.
908 1806 998 1883 D.
1101 1761 1409 1879 Memini
1450 1806 1697 1877 laudes
1722 1804 1999 1877 Lucani
2041 1805 2231 1895 apud
2276 1801 2616 1889 Statium,
2665 1801 2745 1869 in

761 1910 1025 2001 quibus
1057 1904 1137 1980 hi
1171 1923 1341 1981 sunt
1370 1908 1737 1979 versiculi:

930 2040 1186 2106 Boetia
1223 2039 1517 2103 Mantua
1558 2056 1930 2117 provocare
1970 2036 2116 2099 noli
2127 2081 2149 2117 ,

932 2124 1147 2191 Grato
1188 2121 1481 2187 nobilior
1522 2121 1770 2187 Melete
1801 2122 2066 2187 Bole'tis.

766 2240 1045 2330 Quodsi
1068 2256 1344 2315 tantum
1372 2241 1795 2314 celebritatis
1821 2241 2179 2313 addidisse
2207 2234 2576 2309 Lucanum
2619 2260 2747 2328 pa-

762 2343 979 2431 triae,
1031 2342 1301 2417 Statius
1342 2344 1648 2430 iudicat,
1695 2357 2045 2438 quantum
2080 2340 2426 2433 Smyrnae
2472 2337 2745 2409 Home-

763 2468 888 2516 rus
902 2498 923 2531 ,
986 2458 1058 2517 et
1098 2444 1442 2517 Mantuae
1482 2442 1860 2537 Virgilius:
1928 2446 2026 2513 de'
2066 2440 2452 2512 Germania
2502 2454 2747 2512 nostra

763 2546 941 2640 quid
985 2546 1347 2618 dicemus?
1411 2566 1595 2641 quae
1639 2545 1955 2639 profecto
2008 2555 2133 2623 tuo
2180 2541 2470 2631 ingenio
2508 2541 2747 2643 verius

764 2646 1059 2737 gloriari
1114 2657 1375 2739 potest,
1450 2668 1666 2740 quam
1722 2643 2013 2718 Boetica
2063 2637 2347 2714 Lucani
2406 2642 2744 2715 carmine.

762 2743 931 2816 Non
976 2747 1167 2835 enim
1209 2746 1463 2819 dubito
1482 2800 1506 2833 ,
1579 2761 1783 2819 tuum
1837 2767 2063 2837 genus
2103 2766 2436 2814 versuum
2480 2755 2550 2814 et
2590 2756 2746 2812 tuas

764 2846 1016 2918 Musas
1070 2846 1366 2920 Lucano
1434 2849 1807 2920 anteferre.
1910 2844 2029 2917 Tu
2085 2844 2306 2933 igitur
2360 2838 2498 2914 boc
2548 2843 2743 2913 bono

760 2950 1034 3035 fruere,
1085 2964 1154 3022 et
1178 2948 1585 3042 facultatem
1615 2945 1887 3038 ingenii
1916 2947 2006 3016 ad
2035 2942 2174 3017 Dei
2218 2944 2516 3034 gloriam
2570 2943 2745 3015 illu·

758 3051 1120 3122 strandam
1159 3051 1498 3122 conferto.
1598 3045 1785 3121 Cum
1815 3047 2101 3118 —veueris
2120 3100 2142 3132 ,
2188 3046 2249 3115 si
2295 3046 2547 3130 adero,
2598 3068 2744 3116 una

759 3153 1263 3245 nos‘abdemus
1291 3152 1372 3221 in
1399 3152 1635 3242 ipsum
1652 3146 2095 3233 Heliconem,
2145 3159 2215 3218 et
2239 3144 2486 3216 Fastos
2530 3148 2744 3215 ador-

759 3254 1131 3339 nabimus,
1158 3274 1338 3346 quos
1370 3250 1647 3340 ingenti
1678 3273 1838 3320 cum
1865 3250 2119 3341 plausu
2149 3245 2342 3319 docti
2371 3246 2741 3337 excipient.

759 3352 962 3423 Tuae
993 3352 1280 3440 coniugi
1312 3350 1714 3420 suaviolum
1758 3344 2335 3443 dulcissimum⁸)
2383 3348 2579 3437 genis
2622 3348 2740 3418 in-

759 3453 953 3543 figito
984 3476 1144 3521 meo
1173 3451 1485 3524 nomine.
1586 3446 1696 3519 De
1728 3449 2025 3541 pecunia
2056 3461 2124 3520 et
2153 3451 2366 3520 domo
2414 3471 2526 3519 res
2553 3444 2737 3518 mihi

757 3576 971 3624 curae
1033 3553 1191 3626 erit.
1321 3538 1678 3619 Castneri
1751 3550 1941 3619 filius
2021 3549 2558 3621 commendatus
2633 3564 2738 3621 est

768 3649 1263 3752 Wlsgango
1280 3645 1548 3747 Lysia,
1582 3652 1774 3742 apud
1800 3672 2011 3745 quem
2048 3652 2258 3723 estin
2285 3651 2534 3721 eodem
2561 3674 2734 3720 con-

752 3754 976 3837 clavi,
1028 3769 1099 3826 et
1128 3767 1432 3848 praestat
1461 3753 1540 3822 in
1568 3753 1824 3822 studiis
1860 3750 2344 3822 assiduitatem
2364 3805 2386 3837 ‚
2436 3765 2505 3824 et
2535 3775 2731 3842 spem

750 3856 964 3927 nobis
1019 3856 1346 3949 praebet,
1420 3856 1745 3926 futurum
1803 3875 1878 3922 se
1938 3852 2272 3945 deinceps
2329 3853 2409 3924 in
2476 3853 2733 3924 officio.
2782 3878 2785 3938 j

746 3956 944 4029 Haec
974 3958 1160 4049 patri
1186 3969 1493 4030 narrato.
1593 3953 1791 4026 Bene
1829 3953 2013 4029 vale.

912 4081 1137 4148 Libra
1175 4084 1320 4147 dte&
1351 4085 1689 4166 somnique
1725 4100 1933 4163 pares
1972 4095 2101 4163 quo
2144 4080 2427 4163 fecerat
2467 4080 2673 4147 horas

918 4167 1287 4252 Tempore,
1328 4169 1431 4235 σοὶ
1474 4166 1723 4253 πέμψεν
1762 4157 2105 4251 γράμματα
2144 4171 2346 4231 ταῦτα
2390 4167 2590 4252 φίλος.

745 4286 824 4360 Si
856 4289 1069 4359 rediit
1097 4291 1211 4360 vir
1241 4288 1503 4361 clariss.
1530 4285 1620 4359 D.
1652 4272 2145 4371 Ranckcu's,
2193 4284 2418 4372 dicas,
2467 4273 2728 4356 me'sa-

740 4390 963 4459 lutem
996 4415 1079 4460 ex
1110 4394 1351 4461 animo
1377 4400 1623 4482 optare
1670 4399 1741 4460 et
1776 4386 1951 4480 ipsi,
2000 4398 2070 4457 et
2114 4381 2513 4485 familiae²)
2561 4410 2729 4460 suae
2780 4411 2781 4463 1

739 4484 1296 4566 honestissimae.

1743 4582 2123 4681 Philippus
2172 4584 2624 4663 Melanthon.

729 4953 866 5029 No.
900 4951 1126 5027 2966.
2422 4965 2539 5040 18.
2562 4956 2700 5021 Iun.

740 5047 1087 5093 αρν-.-
2378 5048 2717 5077 „ss-

1212 5135 1342 5224 Ῑο.
1404 5124 2226 5253 Schlaginhauffen.

864 5307 1022 5362 Edita
1054 5324 1085 5360 a
1107 5303 1290 5361 Pezel.
1325 5303 1385 5358 in
1411 5301 1547 5358 mel.
1569 5301 1776 5362 Consil.
1804 5303 1871 5359 ¹1.
1911 5320 1966 5375 p.
2005 5302 2120 5358 148.
2157 5331 2227 5344 -
2294 5301 2620 5375 Apogrspba
2656 5303 2713 5359 in

933 5376 1060 5441 cod.
1103 5371 1271 5429 Goth.
1312 5372 1433 5431 191.
1468 5391 1536 5494 ἓ
1572 5371 1837 5496 “impin
1876 5373 1999 5455 ‘²th
2027 5370 2196 5473 Goth.
2225 5370 2309 5426 19.
2352 5390 2405 5442 p.
2437 5372 2524 5455 (36.
2566 5382 2619 5427 et
2640 5374 2711 5458 ‘in

909 5517 918 5524 ο
928 5439 1359 5581 2ἶ.’ὓ11)ε.1.1ἷ16ὲ1.
1388 5459 1444 5513 p.
1530 5440 1620 5525 7.,
1639 5440 2121 5567 ἔξιιὲᾟῖξιωτ.
2160 5476 2205 5514 ,,
2217 5440 2459 5558 [eliaam
2476 5440 2710 5497 Tutem-

782 5820 839 5886 1)
875 5817 1027 5881 Οοδ.
1045 5816 1216 5875 Goth.
1242 5816 1358 5873 188.
1388 5816 1751 5874 dulcissimis.

774 5904 837 5971 2)
874 5904 1011 5964 eod.
1037 5902 1200 5961 Goth.
1221 5905 1408 5975 filiae.

1767 783 1773 789 ’
1876 773 2786 869 ‚EplsTOLARUM
2899 773 3115 854 LlB.
3176 774 3303 848 IX.

2801 2658 2802 2661 ,
2848 2607 3141 2668 constat.
3241 2591 3523 2675 †Ratio
3558 2589 3729 2665 haec
3756 2588 4009 2689 est.''⁸)

3410 772 3670 854 1544.
4681 771 4831 850 420

2911 941 3351 1016 Iohanni
3394 941 3746 1040 Schlag
3801 916 3894 1015 in
3942 939 4395 1062 Hauffen,
4448 937 4764 1015 Pastori

3454 1044 3833 1117 Ecclesiae
3879 1040 4238 1118 Cotem-ts.

2829 1148 3020 1249 ''Etsi
3066 1178 3290 1248 multa
3334 1178 3684 1269 disputata
3731 1190 3898 1247 sunt
3939 1202 3980 1246 a
4023 1178 4269 1250 multis
4314 1180 4403 1248 de
4433 1174 4830 1249 elevatione

2751 1308 2752 1311 ¹
2848 1278 3330 1365 sacramenti,
3400 1293 3635 1349 tamen
3693 1278 3773 1346 in
3831 1275 4167 1350 Ecclesiis
4242 1276 4586 1376 nostris¹)
4663 1282 4829 1352 ideo

2850 1380 3116 1472 placuit
3148 1405 3310 1451 eum
3339 1404 3610 1450 morem
3642 1380 3926 1464 mutari,
3957 1383 4149 1474 quod
4183 1380 4475 1471 allegata
4520 1378 4649 1453 bac
4679 1384 4830 1452 ele·-

3698 1579 3903 1651 Hanc
3942 1594 4174 1653 autem
4226 1585 4828 1674 circumgestatio-

2849 1706 3015 1753 nem
3043 1695 3315 1754 constat
3343 1697 3536 1754 extra
3573 1683 3920 1753 rationem
3951 1685 4371 1756 sacramenti
4410 1708 4595 1771 esse,
4639 1700 4721 1756 ut
4769 1688 4836 1756 si

2792 1804 2793 1808 ’
2849 1808 3030 1877 aqua
3078 1779 3821 1879 circumgestaretur²)
3861 1799 4142 1877 sumpta
4189 1809 4273 1856 ex
4315 1782 4831 1881 ceremoniis⁸)

2848 1885 3206 1977 baptismi.
3303 1886 3487 1957 Sunt
3517 1886 3706 1954 enim
3733 1902 4165 1959 sacramenta
4193 1888 4504 1960 actiones
4533 1889 4833 1959 institu-

2803 1998 2805 2002 ’
2850 1999 2961 2057 tae
2990 2010 3030 2056 a
3065 1984 3242 2060 Deo.
3344 1983 3552 2078 Aqua
3590 2010 3738 2056 non
3772 2000 3874 2058 est
3911 2003 4460 2075 sacramentnm,
4509 1993 4632 2059 sed
4673 1990 4830 2082 ipsa

2848 2088 3230 2179 baptizatio
3261 2102 3556 2181 sonante
3588 2088 3801 2159 simul
3828 2089 4046 2159 verbo
4072 2087 4232 2159 Dei.
4333 2090 4455 2161 Sic
4487 2093 4578 2160 de
4607 2114 4845 2165 coena⁴

2845 2186 3143 2261 Domini
3169 2190 3539 2259 sentiatur:
3590 2190 3817 2281 panis,
3846 2186 4298 2284 ordinatus⁴)
4328 2215 4479 2262 non
4509 2194 4596 2262 ad
4632 2215 4829 2264 sum-

2848 2290 3165 2382 ptionem
3197 2292 3318 2360 sed
3355 2295 3444 2359 ad
3477 2289 4329 2388 circumgestationew),
4379 2317 4830 2388 nequaquam

2849 2404 2952 2461 est
2976 2404 3514 2462 sacramentum.
3612 2390 3777 2462 Non
3807 2392 3996 2461 enim
4038 2393 4437 2483 alligandus
4483 2409 4589 2467 est
4629 2392 4829 2467 Deus

2848 2495 2938 2563 ad
2970 2493 3281 2586 aliquam
3312 2506 3698 2564 creaturam
3731 2493 3884 2562 sine
3925 2516 4247 2587 expresso
4274 2496 4486 2567 verbo
4511 2493 4689 2581 Dei,
4740 2509 4828 2568 ut

4113 2592 4585 2692 Horribilis²)
4612 2620 4822 2666 error

2848 2708 2985 2780 est,
3036 2690 3315 2791 quod⁸)
3362 2695 3789 2771 sacrificulus
3828 2690 4173 2797 offerat⁹)
4216 2696 4293 2767 in
4333 2694 4468 2769 boc
4493 2698 4819 2767 ministe-

2847 2796 2956 2865 rio
2995 2795 3221 2865 filium
3255 2794 3391 2865 Dei
3422 2822 3552 2889 pro
3585 2796 3767 2868 vivis
3795 2810 3878 2888 etv
3897 2799 4227 2886 mortuis3
4277 2813 4348 2871 et
4376 2800 4662 2893 quidem
4690 2802 4824 2868 ad-

2848 2892 3187 2991 dunt¹⁰),
3252 2897 3324 2967 id
3371 2920 3550 2989 opus
3592 2900 3827 2967 valere
3873 2922 3957 2968 ex
4013 2922 4224 2993 opere
4279 2914 4609 2993 operato,
4671 2901 4820 2982 †id

2847 2995 3128 3092 est”,²¹)
3171 3012 3253 3069 ut
3300 3000 3439 3089 ipsi
3482 3000 3911 3092 loquuntur,
3959 3000 4112 3069 sine
4152 3002 4345 3072 bono
4387 3015 4590 3073 motu
4613 3015 4824 3073 uten-

2845 3100 2958 3173 tis.
3073 3095 3189 3169 Ad
3231 3093 3413 3168 hanc
3456 3101 3986 3190 persuasionem
4041 3102 4600 3175 confirmandam
4647 3104 4822 3174 reti-

2844 3211 3018 3269 nent
3044 3199 3476 3271 oblationem
3496 3197 3617 3297 ¹²).
3714 3198 3897 3272 Cum
3934 3215 4170 3273 autem
4198 3227 4400 3276 error
4439 3206 4589 3296 ipse
4617 3206 4826 3274 dam-

2841 3300 3100 3372 nabilis
3116 3295 3211 3394 ¹³)
3275 3302 3401 3386 sit,
3480 3302 3770 3373 aboleri
3815 3302 4182 3374 vinculum
4246 3305 4467 3400 ipsius
4533 3307 4824 3389 erroris,

2841 3400 3016 3473 utile
3045 3414 3171 3476 est.
3270 3399 3371 3473 Et
3399 3399 3802 3498 prorsus¹⁴)
3834 3405 4056 3473 animi
4087 3408 4178 3475 de
4205 3425 4370 3477 vero
4414 3428 4548 3477 usu
4577 3430 4819 3477 sacra-

2836 3502 3100 3588 menti,
3152 3505 3240 3573 de
3268 3506 3802 3574 confirmatione
3829 3505 3991 3575 fidei
4023 3521 4089 3577 et
4121 3509 4502 3597 gratiarum
4535 3508 4818 3577 actione

2838 3605 3136 3674 docendi
3197 3620 3387 3681 sunt.
3504 3603 3558 3689 †
3591 3602 4192 3705 vitebergae”.“)
4348 3608 4466 3680 18.
4516 3606 4681 3685 lun.
4711 3606 4821 3706 ¹⁶)

2842 3700 3172 3801 1544.¹’)

4317 3807 4453 3883 Ph.
4508 3810 4613 3886 Μ.

2903 4123 2956 4187 1)
2991 4105 3131 4179 Cod.
3160 4123 3327 4180 Goth.
3354 4125 3472 4183 191.
3500 4136 3553 4181 et
3578 4128 3700 4184 cod.
3721 4126 3887 4183 Goth.
3920 4126 4003 4183 19.
4029 4130 4263 4183 ecelesia
4288 4136 4504 4183 nostra.

2897 4206 2957 4273 2)
2996 4208 3132 4264 Cod.
3166 4209 3352 4265 Melan.
3379 4214 3857 4281 ccv-cumgeseeeur.
4069 4222 4079 4228 “

2901 4291 2957 4358 8)
2996 4292 3120 4348 Pez.
3151 4296 3504 4359 ceremonia,·
3536 4298 3664 4351 cod.
3690 4296 3881 4352 Mebn.
3909 4315 3949 4351 a
3974 4297 4326 4355 ceremoniis.

2897 4377 2963 4449 4)
2997 4380 3325 4448 ordinatus]
3362 4379 3487 4435 Pes.
3515 4383 3614 4450 qui
3631 4381 3938 4437 adhibetur.
4854 4414 4861 4422 =

2898 4463 2957 4531 5)
2991 4464 3369 4533 circumeam]
3409 4465 3533 4520 cod.
3565 4464 3736 4520 Goth.
3755 4465 3871 4522 191.
3897 4475 3950 4520 et
3978 4466 4105 4523 cod.
4119 4464 4284 4521 Goth.
4305 4465 4388 4522 19.
4414 4470 4818 4535 spectaculum.

2896 4548 2955 4613 6)
2991 4548 3163 4602 Ratio
3193 4550 3247 4603 h.
3274 4548 3382 4617 ese]
3418 4547 3779 4619 praetermisit
3811 4548 3938 4605 Pez.

2895 4632 2953 4701 7)
2993 4632 3118 4687 Pes.
3143 4632 3320 4687 a'dditz
3356 4634 3549 4705 etiam.

2778 4747 2779 4750 ¹
2895 4719 2964 4788 8)
2995 4718 3125 4773 Pez.
3147 4717 3324 4772 addin
3357 4718 3513 4783 apud
3535 4714 3817 4783 Ibpistas.

2895 4801 2951 4870 9)
2991 4800 3121 4853 Pez-
3149 4800 3331 4873 offere.

2774 4924 2777 4932 .
2898 4889 2988 4949 10>
3024 4884 3272 4952 addunt]
3309 4882 3435 4937 Pes.
3464 4884 3788 4948 existimat,-
3826 4884 3950 4941 cod.
3979 4884 4168 4944 Mebn.
4195 4889 4292 4944 ad.

2897 4972 2983 5039 11)
3015 4972 3074 5022 id
3094 4973 3203 5034 ese]
3241 4967 3367 5021 Pez-
3397 4986 3511 5020 non
3546 4967 3727 5022 babet.

2893 5055 2986 5122 12)
3021 5053 3162 5109 Cod.
3187 5051 3378 5107 Mehn.
3408 5052 3806 5122 elevationem,
3839 5054 3988 5127 quod
4017 5052 4438 5127 praeferendum
4464 5056 4707 5116 videtur.

2894 5140 2979 5209 18)
3016 5139 3147 5193 Pes.
3169 5140 3554 5193 damnandus.

2890 5224 2982 5290 14>
3011 5228 3281 5294 prorsus]
3312 5219 3442 5274 Pez.
3471 5230 3641 5276 recle.
3884 5285 3894 5296 ι

2890 5308 2958 5363 15
3015 5306 3201 5361 Vieeb.
3229 5302 3569 5359 desideratur
3594 5303 3652 5358 in
3679 5304 3805 5359 cod.
3832 5301 4055 5375 Melan„
4093 5305 4221 5362 cod.
4239 5304 4408 5386 Goth.
4438 5307 4556 5364 191.
4583 5316 4640 5365 et
4663 5313 4813 5381 apud
4846 5386 4851 5391 ·

2890 5459 2979 5529 16)
3017 5457 3155 5528 eqd.
3191 5452 3360 5511 Goth.
3387 5453 3507 5509 191.
3544 5452 3736 5518 Febr„
3771 5454 3894 5508 cod.
3920 5453 4111 5510 Mean.
4137 5454 4269 5514 [οη.

2887 5546 2973 5614 17)
3016 5542 3154 5598 Cod.
3181 5540 3375 5595 Melan.
3405 5538 3554 5594 1548.
3637 5536 3746 5592 Sed
3779 5538 3894 5593 dies
3931 5548 3983 5595 et
4020 5559 4198 5597 annus
4235 5541 4316 5599 ibi
4352 5541 4456 5600 alia
4494 5563 4662 5601 manu
4703 5546 4807 5601 ad·

2953 5610 3142 5684 scripti
3169 5617 3319 5665 sunt.
