5325 6917
385 760 458 833 107
674 809 678 817 .
958 734 1397 826 uetsxonaxuu
1451 745 1557 824 arto.
1590 748 1653 823 uc.
1708 748 1841 822 1545.
2348 753 2422 825 1os

382 947 440 1006 tus
460 931 532 1002 iam
554 922 723 1022 praefidio
747 946 819 993 esse
839 921 1001 995 debebat.
1050 916 1248 1091 Salutem?
1267 917 1376 991 dicito
1425 914 1477 1013 μὴ
1494 914 1629 1014 σαφές,
1661 942 1728 988 nec
1744 915 1837 988 nihil
1854 919 2002 1011 periculi
2020 921 2109 1005 adii,
2143 923 2228 991 dum
2245 924 2419 1014 quaedam

321 1110 323 1112 .
382 1057 461 1105 meo
486 1029 631 1140 npmine
657 1024 831 1114 Magistro
849 1016 1020 1103 Franco,
1053 1020 1108 1095 M.
1123 1018 1216 1092 [σοι
1246 1018 1320 1093 imo
1343 1034 1392 1092 et·
1427 1021 1582 1113 praecidi
1608 1014 1884 1109 confragosiora:
1925 1023 2058 1091 retinui
2080 1048 2164 1092 vero
2188 1037 2223 1092 et·
2243 1023 2421 1094 illustravi

382 1102 571 1211 Thorius,
605 1124 651 1197 'ac
672 1127 816 1197 caeteris
844 1124 1015 1197 convivis.
1072 1117 1260 1195 Friderici
1279 1137 1379 1217 pater
1427 1123 1548 1205 utilia,
1585 1121 1681 1214 quod
1711 1133 1828 1190 tamen
1853 1125 2050 1192 verecunde
2074 1125 2158 1208 feci,
2198 1147 2244 1192 ne
2272 1124 2422 1195 irritatis

383 1236 425 1306 in
439 1229 553 1327 Sigen
563 1228 592 1326 ²)
609 1243 768 1299 amanter
781 1240 814 1295 et
828 1225 1022 1307 liberaliter
1037 1249 1094 1295 me
1109 1231 1256 1317 excepit,
1281 1225 1380 1318 quod
1428 1218 1755 1291 vehementioribus
1771 1221 1923 1311 ingeniis
1940 1225 2133 1293 discordias
2147 1224 2257 1313 magis
2279 1224 2421 1295 inflam-

385 1336 420 1407 ei
437 1330 740 1405 commemorabis.
791 1326 890 1397 Bene
902 1327 999 1413 vale,
1023 1327 1082 1397 die
1097 1325 1134 1398 9.
1146 1324 1257 1413 Maii,
1280 1323 1381 1396 Ron·
1429 1347 1575 1394 marem.
1631 1321 1716 1392 Fuit
1739 1323 1835 1390 enim
1860 1318 1928 1394 hoc
1949 1319 2168 1395 mihi'etiam
2197 1350 2319 1406 curae,
2352 1351 2425 1398 no-

385 1437 514 1508 naead
532 1429 722 1518 Rhenum,
749 1425 859 1500 1545.
1431 1437 1560 1508 strum,
1592 1417 1660 1493 hoc
1681 1436 1733 1493 est
1748 1418 1944 1505 Ecclesiae,
1978 1449 2188 1497 consensum
2212 1427 2253 1495 in
2272 1427 2423 1497 maiori·

1013 1538 1331 1637 Philippugpater,
1430 1528 1497 1597 bus
1519 1525 1631 1594 causis
1654 1536 1694 1594 ut
1714 1538 1842 1599 tuerer.
1903 1525 2012 1596 Vides
2033 1529 2129 1597 enim
2151 1552 2257 1619 quam
2289 1531 2423 1600 multae

517 1701 519 1706 ,
1056 1629 1065 1644 “
1431 1627 1520 1696 aliae
1534 1648 1658 1696 causae
1671 1625 1879 1696 utilissimae
1894 1642 2008 1698 motae
2021 1629 2104 1702 sint.
2155 1627 2205 1701 Ut
2220 1644 2335 1700 autem
2356 1632 2425 1701 dn-

397 1754 1379 1788 ----·-—--··---·-·-··---—-·-··
1432 1752 1514 1797 cum
1539 1750 1595 1797 ars
1620 1739 1690 1810 est,
1726 1726 1859 1798 leviora
1881 1742 1915 1799 et
1941 1753 2086 1820 parerga
2110 1729 2289 1800 interdum
2312 1731 2424 1802 relin-
2474 1797 2477 1802 .

672 1838 674 1841 ’
699 1887 702 1892 .
1433 1853 1558 1924 quere,
1596 1851 1640 1896 ne
1663 1826 1903 1918 impediantur
1924 1830 1963 1899 in
1985 1831 2238 1925 persequendis
2257 1835 2426 1903 adversa·

388 1924 586 2001 Navoa.
715 1996 718 2001 ,
1221 1917 1385 2018 lbhfnib
1432 1930 1517 2015 riis,
1556 1928 1604 1998 ita
1635 1928 1739 1997 nobis
1769 1928 1963 2000 videndum
1992 1945 2061 2016 est,
2098 1933 2143 2001 de
2165 1927 2295 2026 quibus
2317 1934 2426 2006 rebus
2460 1969 2463 1973 ·

395 2019 568 2053 ’Ν
945 2105 952 2121 .
1213 2011 1385 2040 Ἢν
1433 2030 1585 2100 maxime
1614 2029 1857 2099 dimicandum
1888 2032 1945 2104 sit.
2002 2031 2190 2104 Pontifices
2210 2033 2337 2104 maiori
2363 2057 2426 2127 spe

464 2214 467 2219 Δ
756 2102 794 2190 Ῑ·
826 2098 1018 2187 Gallim&
1434 2156 1543 2223 quam
1575 2154 1734 2223 unquam
1758 2152 1845 2203 ,suas
1881 2126 2149 2227 εὶδωλομανίας
2187 2148 2425 2226 propugnant.

454 2280 604 2339 min,
630 2280 660 2333 10
687 2277 880 2335 calvinista
909 2289 936 2334 e,
957 2299 1000 2333 m
1020 2295 1071 2332 ons
1123 2275 1226 2334 Genea.
1242 2275 1318 2332 ιω.
1336 2274 1386 2331 501·
1434 2229 1667 2304 Arbitrantur
1697 2230 1792 2300 enim
1817 2233 1966 2307 stultitia
1990 2248 2192 2305 nostrorum
2216 2233 2426 2327 Principum

495 2322 604 2424 peta
627 2298 921 2419 Eihsd.0pp.i.lt.
940 2315 1140 2419 1².l.p.'itt.
1435 2348 1556 2405 nostra
1579 2334 1742 2422 dogmata
1765 2333 1903 2405 ruitura
1926 2359 2020 2419 esse,
2051 2359 2140 2428 quos
2160 2336 2283 2407 vident
2305 2336 2426 2428 impli-

1436 2435 1508 2506 cari
1528 2433 1629 2504 bellis
1646 2433 1831 2517 civilibus,
1855 2449 1890 2506 et
1909 2437 2047 2507 irritare
2062 2429 2240 2507 Catulum
2256 2431 2428 2509 hactenus

658 2498 875 2576 Iohanni
903 2496 1117 2606 00195'20·
1436 2548 1626 2606 cessantem
1655 2548 1689 2604 et
1717 2534 1819 2628 quasi
1846 2538 2054 2626 fugitantem
2082 2539 2174 2607 bella
2201 2535 2428 2613 Germanica.

393 2624 456 2717 Ex
482 2639 655 2712 nundinis
677 2635 1056 2707 Francosordiensibus
1083 2635 1229 2726 epistola
1257 2634 1301 2704 ad
1330 2656 1386 2703 me
1436 2634 1515 2707 Etsi
1530 2625 1710 2705 hocta‘nto
1736 2637 1830 2705 malo
1851 2661 2014 2724 moveor,
2039 2642 2132 2732 quod
2157 2639 2299 2731 quidem
2323 2663 2429 2730 saepe

393 2742 673 2820 tuatransmissa
690 2752 760 2823 est,
786 2739 942 2829 exempla
959 2761 1042 2806 vero
1060 2738 1146 2808 editi
1168 2736 1289 2827 scripti
1312 2759 1387 2804 non
1436 2736 1597 2829 praedixi
1618 2736 1813 2807 vaticinans
1834 2732 1879 2810 οὐ
1899 2744 2079 2833 μαντικῇ,
2112 2732 2205 2811 ἀλλὰ
2221 2736 2428 2835 φιλοσοφίᾳ

394 2845 478 2920 s'unt
501 2844 621 2925 allata3
660 2840 796 2909 tardius
825 2840 921 2908 enim
945 2837 1234 2908 Francofordiam
1263 2837 1388 2906 allatae
1436 2862 1509 2909 τινι
1534 2828 1699 2923 stuata,
1734 2862 1814 2908 cum
1829 2836 2038 2932 Principum
2060 2836 2429 2939 πολυπραγμοσύνην

393 2951 546 3020 fuerant.
605 2941 730 3011 Postea
753 2936 911 3011 Bonnac
933 2941 1026 3030 apud
1050 2937 1095 3011 D.
1116 2933 1298 3008 Bocerum
1323 2960 1389 3006 na-
1438 2954 1474 3010 et
1497 2937 1585 3008 alios
1607 2937 1750 3008 morbos
1770 2938 1944 3010 viderem:
1979 2954 2095 3011 tamen
2112 2942 2183 3011 scio
2200 2940 2316 3012 Deum
2334 2941 2430 3014 inter
2496 2967 2499 2971 ·

394 3064 473 3123 ctns
494 3044 693 3135 exemplum
716 3041 793 3111 vidi
814 3036 884 3134 τὴν
906 3032 1168 3134 προςφῶνησιν
1190 3042 1233 3108 ad
1255 3063 1331 3118 me,
1354 3050 1389 3107 et
1437 3039 1558 3111 fatales
1583 3038 1811 3130 imperiorum
1834 3042 2008 3112 tumultus
2032 3043 2212 3112 ecclesiam
2237 3066 2335 3112 suam
2354 3068 2430 3114 ser-

394 3149 512 3223 suhito
525 3148 655 3215 bonam
669 3134 1252 3234 partemdisputationisevolvi*).
1280 3138 1389 3228 Quod
1438 3164 1521 3210 vare
1543 3140 1766 3212 mirabiliter.
1829 3137 1913 3210 Non
1935 3142 2045 3232 igitur
2062 3145 2267 3234 frangamur
2288 3145 2431 3233 animis,
2460 3222 2466 3226 ,

333 3310 338 3319 .
394 3266 513 3323 autem
529 3242 726 3316 honorifico
744 3244 945 3314 testimonio
962 3264 1018 3308 me
1035 3242 1173 3309 ornaris
1196 3256 1230 3311 et
1250 3242 1294 3308 de
1314 3251 1389 3310 tota
1440 3243 1498 3311 sed
1516 3240 1601 3310 dum
1619 3263 1824 3333 possumus,
1842 3265 2034 3328 sonemus,
2066 3259 2107 3315 ut
2127 3251 2316 3315 conxersus
2339 3246 2430 3317 latro

394 3376 435 3425 re
448 3373 524 3421 non
540 3348 656 3416 solum
674 3343 732 3435 pie
747 3346 808 3413 sed
827 3339 931 3412 etiam
954 3341 1160 3434 eloquenter
1182 3340 1390 3409 disserueris
1439 3343 1478 3412 in
1500 3365 1619 3427 cruce,
1656 3341 1853 3411 doctrinam
1879 3346 1923 3413 de
1945 3345 2019 3413 filio
2041 3343 2127 3431 Dei,
2165 3348 2278 3438 deque
2302 3369 2431 3419 arcana
2497 3405 2504 3416 .

396 3456 442 3526 de
458 3465 608 3541 utraque
624 3468 683 3527 re,
717 3443 882 3514 videlicet
893 3443 937 3510 de
951 3466 1027 3512 mea
1051 3442 1266 3530 gratitudine
1288 3455 1322 3512 et
1346 3443 1390 3510 de
1440 3443 1629 3533 sapientia,
1662 3466 1752 3535 quae
1778 3457 1829 3514 est
1853 3445 2017 3516 ecclesiae
2039 3447 2201 3538 propria,
2232 3450 2276 3520 de
2291 3448 2431 3537 magni-

397 3556 475 3647 ipsa
489 3547 727 3640 disputatione
741 3568 857 3613 coram
874 3566 950 3627 nos,
975 3558 1015 3613 ut
1031 3544 1125 3613 soliti
1142 3565 1274 3627 sumus,
1299 3565 1391 3635 quo-
1441 3545 1565 3615 tudine
1581 3539 1757 3613 hnmanae
1773 3543 2003 3631 infirmitatis,
2029 3549 2074 3617 de
2093 3548 2312 3639 poenitentia
2330 3563 2364 3619 et
2385 3549 2431 3618 fi·

397 3657 464 3728 ties
495 3673 568 3721 una
595 3646 727 3717 fuimus
755 3644 890 3735 prolixe
922 3642 1075 3735 colloqui
1100 3667 1201 3735 posse
1226 3642 1392 3735 optarim,
1441 3645 1543 3714 ducia
1566 3644 1758 3737 promissae
1783 3646 2042 3717 misericordiae
2059 3662 2204 3741 propter
2220 3650 2334 3719 lilium
2348 3647 2432 3736 Dei,

397 3753 479 3828 Etsi
501 3750 597 3821 enim
619 3760 755 3817 tantum
781 3746 837 3815 vel
859 3744 992 3833 ingenii
1016 3744 1074 3813 vel
1097 3745 1278 3814 doctrinae
1301 3738 1392 3811 mihi
1442 3771 1524 3815 vera
1539 3746 1782 3830 invocatione,
1816 3748 1956 3817 etveris
1971 3749 2358 3833 ecclesiaexiraalbus,
2385 3752 2432 3822 de

318 3887 320 3891 ·
398 3880 476 3928 non
491 3873 636 3940 arrogo,
662 3863 835 3941 quantum
853 3846 998 3929 tribuis,
1024 3859 1060 3915 et
1077 3870 1143 3915 nos
1166 3844 1331 3936 inprimis
1353 3844 1392 3912 in
1442 3847 1616 3941 mysteriis
1647 3870 1722 3915 non
1750 3846 1972 3937 polluendis,
2018 3853 2062 3920 de
2096 3851 2261 3922 ecclesiae
2292 3851 2431 3942 politia,

401 3953 547 4029 ecclesia
571 3974 757 4039 agnoscere
784 3938 1064 4017 imbecillitatem·
1087 3960 1243 4017 nostram
1275 3948 1392 4016 decet:
1442 3972 1517 4017 non
1539 3948 1725 4039 illaquam
1748 3947 1888 4036 lingunt
1908 3946 2113 4037 Pontifices,
2144 3955 2204 4022 sed
2226 3953 2340 4045 qualis
2361 3953 2435 4027 fuit

399 4074 518 4131 tamen
542 4051 786 4123 benevolentia
812 4073 891 4138 erga
914 4073 969 4117 me
994 4061 1056 4118 tua
1071 4043 1304 4118 „vehementer
1330 4049 1394 4116 de-
1442 4043 1695 4140 prophetarum
1714 4062 1748 4118 et
1761 4044 2033 4140 Apostolorum,
2056 4054 2208 4146 denique
2222 4054 2267 4122 de
2283 4053 2356 4124 vita
2373 4077 2433 4125 ae-

398 4162 527 4241 lector,
563 4137 700 4245 tibique
724 4151 871 4241 gratiam
896 4146 1030 4234 habeo,
1068 4152 1163 4241 quod
1198 4145 1392 4238 inscripto
1442 4166 1553 4219 terna.
1610 4145 1666 4219 Ad
1692 4143 1827 4217 harum·
1841 4152 2073 4222 maximamm
2092 4177 2211 4224 rernm
2233 4154 2434 4243 doctrinam

398 4260 581 4332 luculento
599 4268 767 4346 tanquam
790 4253 829 4320 in
852 4251 984 4346 ilhrstq'
1006 4250 1152 4341 positam
1178 4250 1255 4319 loco
1276 4262 1393 4318 extare
1442 4249 1639 4320 ornandam
1675 4250 1864 4321 transferas
1900 4253 2005 4322 velim
2046 4255 2285 4349 eloquentiam
2324 4270 2434 4344 tuam,

329 4423 337 4434 .
400 4358 691 4453 significationem
709 4354 837 4442 amoris
854 4375 935 4443 erga
950 4375 1005 4419 me
1022 4352 1075 4422 tui
1089 4351 1247 4422 voluisti.
1299 4347 1394 4420 Gra·
1444 4375 1533 4446 quae
1549 4363 1582 4420 et
1598 4350 1980 4439 confirmarenostros,
2005 4368 2136 4425 terrere
2156 4356 2376 4428 adversarios
2397 4371 2434 4431 et

400 4478 477 4535 tum
493 4454 584 4528 mihi
601 4471 634 4526 et
650 4458 740 4526 illud
755 4443 856 4527 tunm
881 4453 1123 4524 testimonium
1145 4475 1218 4521 esse
1240 4452 1394 4539 ingenue
1444 4452 1618 4523 sanabiles
1641 4452 1760 4521 iuvare
1783 4455 1923 4543 poterit.
1981 4453 2092 4525 Cuius
2120 4459 2292 4547 esteuim
2319 4457 2433 4531 oratio

401 4549 530 4642 fateor,
564 4559 659 4649 quod
680 4580 734 4623 me
752 4569 785 4624 et
802 4579 919 4623 amare
943 4568 976 4623 et
999 4578 1165 4645 quaerere
1187 4552 1395 4643 simplicite·
1444 4549 1513 4623 hoc
1542 4569 1699 4643 tempore
1731 4554 1769 4622 in
1801 4555 2015 4647 disputando
2049 4557 2106 4627 vel
2135 4561 2337 4646 nervosior,
2375 4559 2435 4630 vel

401 4659 590 4737 temdicis.
638 4646 729 4725 Nam
743 4656 943 4746 praedicare
961 4653 1055 4722 bona
1076 4654 1288 4723 conscientia
1311 4676 1395 4744 pos-
1445 4652 1691 4747 splendidior?
1731 4652 1865 4724 Nostra
1888 4656 1945 4724 vel
1969 4672 2112 4750 propter
2133 4660 2435 4751 ingeniiinfirmi-

404 4789 504 4847 sum,
536 4758 644 4829 fuime
666 4749 733 4824 hoc
757 4777 875 4824 meum
899 4754 1076 4837 studium,
1108 4777 1189 4823 cum
1210 4752 1313 4823 initio
1330 4747 1394 4822 ha-
1444 4769 1570 4838 tatem,
1610 4754 1666 4822 vol
1693 4768 1836 4844 propter
1865 4778 1922 4824 eas
1947 4762 2153 4849 aerumnas‘,
2188 4763 2317 4860 quibus
2345 4751 2436 4830 con-

403 4890 484 4938 eum
506 4858 775 4934 contentionum
799 4855 909 4926 multa
934 4851 1115 4925 horridius
1136 4867 1171 4923 et
1197 4852 1395 4924 intricatius
1444 4869 1558 4925 sumta
1573 4869 1625 4925 est
1639 4866 1784 4946 naturae
1799 4856 1871 4941 vis,
1898 4856 2019 4954 siqua
2042 4861 2129 4947 fuit,
2157 4863 2212 4939 est¹
2227 4858 2436 4954 squalidior.

403 4967 689 5058 disputarentur,
718 4970 759 5027 ut
784 4979 1003 5047 excerperem
1028 4955 1229 5039 mutiles,
1268 4976 1395 5047 easque
1444 4954 1664 5046 Magnopere
1686 4954 1794 5043 igitur
1813 4960 1968 5047 gaudeo,
2001 4961 2175 5034 divinitus
2194 4973 2228 5031 te
2250 4959 2294 5029 ad
2310 4956 2437 5032 Evan-

404 5093 447 5139 ex
464 5068 525 5136 illa
543 5062 691 5152 caligine
708 5060 883 5143 evolutas,
916 5069 1087 5151 quantum
1109 5079 1264 5147 possem,
1289 5055 1395 5147 plane
1445 5057 1529 5146 gelii
1544 5056 1812 5148 explicationem
1828 5062 2015 5134 excitatum
2031 5085 2131 5142 esse,¹
2143 5074 2247 5154 teque
2261 5061 2322 5131 illa
2334 5059 2437 5153 Apo·

404 5182 441 5240 et
455 5169 576 5238 dextre
591 5165 793 5249 recitarem,
817 5183 882 5229 nec
899 5181 980 5228 raro
998 5157 1088 5226 illud
1105 5153 1290 5248 Euripidis
1304 5151 1396 5225 mihi
1445 5159 1527 5227 stoli
1544 5182 1628 5227 voce
1640 5153 1832 5247 adhortor,
1858 5187 1966 5256 quam
1986 5163 2108 5234 scribit
2124 5163 2168 5231 ad
2185 5158 2436 5237 Timotheum:

405 5269 556 5342 venitin
570 5280 741 5336 mentem:
775 5258 913 5335 ἐσθλὸν
932 5253 976 5331 τὸ
1000 5251 1117 5354 σαφὲς
1138 5271 1173 5330 et
1188 5256 1336 5355 ἄσοφον
1351 5252 1395 5330 τὸ
1444 5254 1497 5353 μὴ
1514 5255 1638 5351 ἀμέλει
1651 5263 1720 5332 τοῦ
1736 5258 1851 5334 ἐν’σοὶ
1861 5259 2103 5358 χαρίσματος.
2488 5353 2492 5359 ι

1548 5358 1624 5430 Etsi
1648 5375 1763 5431 autern
1787 5364 1912 5433 videor
1935 5356 2105 5458 ὀτρύνειν
2127 5355 2354 5452 σπεύδοντα,
2381 5381 2435 5462 ta-

1446 5485 1528 5530 men
1549 5464 1594 5531 ad
1618 5463 1878 5536 confirmandos
1900 5464 2040 5534 animos
2062 5460 2128 5534 hae
2148 5481 2292 5537 mutuae
2309 5462 2435 5538 cohor-

404 5461 623 5481 μ

440 5599 467 5667 1)
486 5596 560 5650 qm
573 5604 599 5646 ,ι
611 5563 843 5664 mmm,-
857 5610 913 5646 noa
925 5589 1009 5647 edidit
1021 5584 1184 5646 schellam.
1445 5563 1595 5633 tationes
1618 5586 1680 5632 seu
1708 5562 1965 5633 consolationes
1993 5566 2196 5657 praesertim
2225 5569 2264 5637 in
2294 5569 2438 5648 ecclesia

438 5682 466 5750 ι)
486 5665 645 5750 ualidius,
663 5675 718 5731 vid.
735 5694 777 5747 ep.
791 5676 818 5729 d.
832 5676 858 5729 a.
872 5672 949 5731 Maii.
1445 5663 1581 5759 aliquid
1610 5664 1829 5749 conducunt,
1842 5712 1852 5726 s
1867 5679 1907 5736 ut
1929 5663 2063 5738 Paulus
2091 5691 2126 5737 se
2154 5668 2203 5739 ait
2230 5670 2319 5738 velle
2341 5677 2438 5763 συμέ

438 5765 469 5832 *)
488 5760 669 5845 Dediqaaerat
681 5760 809 5842 Calvinus
821 5758 1009 5816 Melanthonis
1032 5757 1118 5815 libros
1136 5766 1253 5840 quatuor
1266 5755 1301 5810 de
1315 5754 1395 5811 liberi
1444 5764 1734 5858 παραπληθῆγω
1745 5763 1894 5833 „florum
1904 5768 2044 5856 piorum
2054 5770 2178 5839 officiis
2187 5793 2226 5840 ae
2234 5793 2440 5843 commone·

472 5832 577 5889 arbum
591 5840 791 5900 controversia,
814 5828 944 5887 adversus
957 5826 1101 5882 Albertnm
1113 5826 1239 5899 Pighrum
1256 5825 1396 5898 Campen-

471 5919 538 5957 um.
558 5894 634 5955 1548.
668 5944 672 5949 ,
1382 5937 1391 5944 ,
1444 5867 1606 5939 factione.
1658 5862 1753 5935 Satis
1769 5878 1821 5935 est
1843 5859 2019 5952 hostium,
2050 5872 2113 5966 qui
2134 5871 2280 5940 domino
2302 5871 2439 5945 bellum
