5325 6917
249 721 325 795 755
829 714 1259 793 EPISTOLARUM
1312 711 1513 788 1.tss.1x.
1568 713 1697 791 1545.
1836 733 1838 738 ’
2217 724 2291 798 754

247 891 503 981 Regiomonte‚
536 887 685 962 honesto
700 891 788 961 loco.
831 887 925 960 Dedi
940 903 1058 960 autem
1075 891 1107 959 ei
1126 888 1245 959 consi·
1294 898 1374 977 post
1398 886 1505 957 breve
1528 899 1667 979 tempus
1690 889 1879 960 revocavit.
1928 889 2047 979 Quare
2072 908 2132 963 aut
2150 896 2288 965 differri

249 996 340 1065 lium
359 995 529 1066 metuenti
548 993 734 1063 oculorum
751 992 958 1081 caliginem,
984 1006 1026 1062 ut
1048 995 1092 1061 ad
1111 1004 1247 1061 vestros
1293 988 1397 1058 initia
1419 990 1547 1083 synodi
1570 990 1650 1076 diu,
1676 1004 1737 1061 aut
1759 991 1896 1061 nullam
1916 993 2021 1083 plane
2036 994 2192 1065 futuram
2215 1022 2289 1067 esse

250 1096 414 1168 Medicos
442 1109 476 1166 et
496 1089 716 1192 grtpovpyoc*
721 1119 740 1175 ς
765 1095 1025 1185 proficiscatur,
1066 1107 1246 1163 eteorum
1294 1090 1525 1165 arbitrantur.
1585 1090 1664 1163 Hoc
1685 1089 1775 1161 mihi
1797 1094 2032 1184 significatum
2048 1111 2098 1166 est
2113 1123 2159 1179 ‚ex
2179 1098 2288 1170 Nori-
2359 1177 2364 1184 ,

250 1214 374 1270 utatur
390 1198 550 1269 consilio.
602 1194 789 1266 Modestus
805 1190 913 1266 homo
930 1210 981 1266 est
998 1195 1094 1265 inter
1107 1195 1247 1284 ignotos
1294 1194 1401 1282 berga
1425 1195 1470 1265 ab
1493 1192 1711 1266 Hominibus
1733 1196 1949 1286 dignissimis
1972 1197 2053 1269 fide.
2114 1198 2232 1288 Quare
2255 1216 2290 1276 et

251 1302 433 1384 timidior,
458 1323 567 1392 quare
592 1311 626 1367 te
648 1322 731 1382 oro,
757 1310 797 1367 ut
814 1321 895 1367 eum
911 1295 1077 1381 Medico,
1099 1294 1247 1368 Doctori
1294 1291 1340 1368 D.
1365 1290 1523 1365 Urbano
1552 1298 1777 1387 significabis.
1834 1296 2017 1368 Confessio
2048 1311 2082 1369 et
2112 1296 2288 1391 Apologia

250 1393 509 1495 Magchuchr'o
526 1402 768 1483 commendes,
794 1412 855 1469 aut
878 1400 984 1470 ctiam
1003 1399 1110 1470 alicui
1124 1399 1248 1469 oculo-
1295 1399 1528 1483 recudentur,
1561 1403 1621 1469 sed
1646 1425 1703 1468 me
1728 1385 1801 1469 bon
1823 1400 1937 1470 solum
1954 1402 2201 1492 occupationes
2222 1408 2289 1473 im-

240 1527 332 1577 ‘rum
350 1502 505 1576 Medico.
556 1500 675 1573 Habet
698 1501 835 1595 aliquid
858 1501 998 1587 viatici,
1030 1502 1091 1570 sed
1115 1501 1246 1572 curabo
1295 1499 1466 1589 pediam,
1490 1525 1561 1593 quo
1582 1502 1701 1570 minus
1725 1526 1814 1595 opus
1839 1504 1952 1572 multo
1972 1516 2053 1572 ante
2069 1507 2288 1594 processerit,

251 1607 347 1680 mitti
360 1606 513 1698 amplius
528 1605 558 1673 si
573 1604 708 1673 diutius
729 1606 824 1693 apud
840 1627 903 1673 vos
920 1604 997 1676 erit.
1295 1601 1478 1670 sedetiam
1494 1617 1670 1672 certorum
1689 1599 1986 1699 sycophantarum
2002 1606 2208 1692 calumniae,
2225 1610 2289 1701 qui

357 1706 502 1778 institui
524 1702 583 1775 hic
605 1705 644 1773 in
670 1719 825 1775 mercatu
846 1706 980 1800 sylvam
1004 1718 1084 1775 tuae
1099 1727 1247 1797 respon·
1294 1726 1413 1771 meum
1428 1704 1601 1775 iudicium
1623 1708 1661 1775 in
1681 1707 1892 1799 quibusdam
1916 1708 2070 1776 materiis
2094 1706 2289 1799 reprehen-

252 1810 375 1883 sionis.
432 1806 506 1879 Res
525 1808 631 1877 utiles
659 1821 694 1878 et
716 1809 792 1898 pias
821 1804 1034 1899 admixtis¹)
1063 1806 1247 1877 affectibus
1295 1807 1397 1876 dunt.
1444 1803 1555 1876 Dicor
1578 1807 1729 1877 nimium
1756 1810 1901 1879 laudare
1925 1810 2019 1879 bona
2038 1833 2154 1898 opera.
2207 1809 2288 1882 Uti·

251 1912 391 1983 idoneis
408 1924 557 1980 tractare
570 1907 686 2001 cupio.
720 1907 813 1978 Nolo
829 1932 895 1979 nos
912 1924 1044 1979 certare
1061 1908 1247 1980 calumniis
1295 1929 1377 1974 narn
1393 1907 1476 1976 satis
1491 1907 1691 1979 laudarem!
1744 1909 1816 1982 Sed
1836 1912 1880 1979 de
1898 1907 1962 1981 hac
1979 1936 2016 1980 re
2033 1912 2184 1982 scribam
2202 1914 2289 1983 alias

188 2052 192 2056 ·
253 2029 288 2085 et
310 2011 479 2084 conviciis
506 2035 587 2080 cum
607 2004 976 2107 impudentissimis²)
999 2006 1247 2105 Sycophantis.
1294 2009 1400 2081 adtc.
1458 2007 1540 2078 Non
1565 2011 1668 2096 satis,
1694 2036 1759 2082 nos
1783 2013 1901 2082 vexari
1923 2014 1968 2082 ab
1996 2008 2158 2085 hostibus
2180 2017 2287 2102 loris3
2360 2082 2362 2085 Α

251 2113 341 2186 Heri
363 2114 432 2203 legi
462 2116 641 2184 decretum
662 2108 874 2183 Academiae
895 2105 1147 2182 Lovaniensis
1170 2111 1247 2203 ple·
1295 2109 1393 2177 domi
1408 2111 1513 2180 etiam
1533 2107 1703 2182 hahemus
1718 2114 1884 2186 intestina
1901 2115 2067 2200 dissidia,
2087 2130 2121 2185 et
2138 2116 2287 2185 disside-

252 2239 340 2284 num
362 2215 571 2306 impietatis,
597 2216 692 2308 quod
717 2229 752 2285 et
771 2216 956 2285 autoritate
976 2203 1114 2284 Caroli
1132 2213 1248 2306 lmpe-
1294 2234 1374 2278 mus
1397 2236 1471 2281 non
1493 2213 1663 2301 civiliter,
1689 2218 1748 2285 sed
1775 2217 1920 2286 mirifica
1947 2216 2136 2286 acerbitate
2150 2219 2288 2288 animo-

252 2318 381 2387 ratoris
398 2318 575 2389 munitum
589 2309 698 2411 est*).
746 2314 900 2402 Crescit,
925 2331 966 2388 ut
981 2318 1099 2401 vides,
1124 2316 1247 2386 multi·
1294 2337 1387 2385 rum.
1438 2311 1515 2404 Ego
1534 2329 1670 2403 tamen,
1695 2315 1771 2388 Dco
1787 2322 1912 2403 dante,
1938 2342 2053 2388 meam
2071 2322 2289 2390 moderatio-

251 2419 334 2510 plex
359 2420 492 2506 rabies3
529 2416 612 2488 ldeo
636 2418 746 2486 simus
767 2418 940 2489 cautiores
955 2432 990 2489 et
1005 2420 1247 2488 modestiores.
1295 2438 1376 2482 nem
1399 2418 1576 2487 mordicus
1600 2421 1745 2505 tenebo,
1778 2446 1842 2490 nec
1862 2422 1995 2505 sinam,
2022 2444 2097 2489 eam
2119 2418 2210 2490 mihi
2230 2445 2289 2489 ex·

252 2518 370 2590 Deum
383 2546 535 2606 oremus,
561 2534 602 2592 ut
616 2543 682 2590 nos
696 2520 880 2610 gubernet.
932 2518 1029 2589 Bene
1046 2522 1135 2590 vale.
1170 2518 1247 2593 Cal.
1295 2515 1377 2585 cuti.
1428 2514 1477 2587 Et
1498 2521 1541 2586 ad
1568 2520 1697 2589 iudicia
1716 2523 1893 2591 bonorum
1911 2546 1951 2592 ac
1964 2524 2180 2614 prudentum
2205 2548 2289 2614 pro-

254 2620 356 2696 Maii.
407 2616 628 2719 Lipsiae”).
1295 2641 1403 2707 voco,
1435 2643 1506 2710 quo
1527 2620 1566 2688 in
1588 2646 1735 2691 munere
1758 2637 1793 2694 et
1816 2637 1850 2693 tc
1874 2649 1987 2714 pono,
2013 2638 2048 2692 et
2072 2625 2110 2691 in
2133 2628 2288 2715 quodam

734 2805 736 2808 v
766 2753 955 2848 Philippus
972 2750 1196 2827 Melanthon·
1295 2718 1444 2809 scripto,
1461 2722 1525 2791 ubi
1540 2725 1723 2814 nominavi
1738 2725 2007 2816 iudiccs‚posui
2021 2722 2066 2797 D.
2079 2722 2289 2795 Urbanum.

1296 2818 1438 2912 Siquid
1455 2847 1553 2903 erro,
1580 2825 1735 2894 libenter
1748 2827 1887 2896 moneri
1906 2853 1962 2897 me
1983 2853 2001 2897 a
2021 2828 2125 2898 bonis
2147 2841 2181 2897 et
2203 2853 2289 2919 pru-

1295 2921 1464 2992 dentibus
1480 2924 1605 3015 patiar.
1656 2925 1723 2996 Sed
1744 2952 1815 3019 quo
1833 2930 2005 2997 delabor?
2056 2929 2115 2999 Sic
2131 2945 2197 3013 est3
2225 2931 2287 3000 ubi

1296 3023 1408 3108 dolet,
1434 3026 1486 3095 ibi
1508 3050 1653 3096 manum
1672 3020 1796 3101 habeo.
1847 3022 2061 3099 Methodum
2079 3032 2290 3102 instituendi

253 3152 321 3227 No·
336 3149 450 3227 3135·
1102 3162 1133 3221 2·
1150 3151 1234 3215 Mag,
1295 3126 1405 3196 studii
1427 3123 1618 3218 theologici
1639 3130 1769 3197 rectius
1785 3153 1804 3199 a
1822 3124 1979 3198 Domino
1995 3127 2154 3200 Urbano
2170 3156 2288 3200 coram

260 3249 432 3280 *w-
1072 3243 1243 3273 “s“
1296 3228 1419 3301 disces.
1478 3228 1604 3299 Meum
1632 3230 1824 3310 iudicium,
1859 3231 1921 3323 qui
1942 3232 2031 3313 loci,
2064 3257 2136 3324 quo
2161 3232 2288 3303 ordine

582 3352 633 3440 G·
669 3350 933 3436 Scaraban.
1295 3331 1553 3412 distribuendi,
1586 3358 1654 3426 qua
1682 3333 1720 3400 in
1743 3332 1949 3422 explicando
1972 3334 2156 3422 diligentia
2185 3347 2287 3403 uten-

1294 3433 1379 3501 dum
1403 3434 1466 3517 sit,
1491 3436 1637 3525 exposui
1660 3434 1698 3503 in
1719 3435 1841 3504 libello
1857 3435 2018 3504 locorum
2034 3436 2289 3509 communium.

1296 3532 1351 3602 Ad
1376 3529 1441 3603 hos
1466 3536 1561 3604 locos
1584 3538 1699 3625 cogito
1716 3538 1900 3605 referenda
1916 3561 2005 3621 esse,
2032 3561 2121 3629 quac
2140 3538 2289 3627 legimus

257 3682 260 3686 -
1294 3635 1331 3703 in
1349 3637 1455 3704 sacris
1469 3637 1592 3709 literis.
1644 3637 1741 3706 Bene
1758 3640 1852 3721 vale,
1880 3654 1913 3709 et
1935 3664 1990 3706 me
2009 3663 2098 3709 ama.
2152 3638 2287 3710 Postri-

258 3739 302 3817 V
297 3738 478 3813 enerabili
514 3738 591 3809 viro
632 3749 664 3808 et
695 3738 842 3834 egregia
877 3733 1045 3808 doctrina
1075 3730 1246 3835 praedito
1293 3739 1351 3806 die
1367 3735 1512 3807 Calend.
1529 3737 1630 3807 Maii.

253 3843 308 3921 D.
332 3837 535 3938 Georg-io
570 3837 857 3928 Scarabaeo,
894 3836 1037 3911 docenti
1067 3837 1245 3931 Evange-

292 3946 384 4018 lium
413 3945 452 4015 in
479 3940 628 4014 ecclesia
654 3943 956 4030 Hunnorum,
987 3940 1215 4026 amicosne,

322 3520 341 3585 †
361 3514 399 3568 Ex
418 3512 586 3635 autographo
601 3511 732 3566 Melantb.
747 3512 775 3565 in
793 3510 916 3566 biblioth.
930 3506 1170 3581 Μεγαλαρχόνιος
1192 3510 1245 3562 Ba-

354 3584 430 3637 dens.
450 3584 487 3637 mi
507 3582 516 3634 i
530 3583 662 3651 descripta
677 3600 692 3634 a
708 3580 962 3636 Clarissimum.

1804 3884 1994 3983 Philippus
2011 3889 2236 3964 Melanthon.

253 4077 298 4169 S.
324 4096 370 4171 D.
422 4094 530 4184 Quod
556 4107 627 4163 tam
649 4095 848 4162 verecunde
870 4095 915 4161 ad
937 4116 994 4161 me
1012 4091 1154 4176 scribis,
1180 4089 1245 4160 etsi
1292 4109 2280 4150 --------.-.-.-..-,...,-..-·

255 4204 294 4271 in
316 4226 355 4270 ea
375 4223 414 4270 re
437 4195 606 4266 modestia
632 4207 693 4263 tua
711 4207 746 4264 et
764 4217 903 4263 morum
929 4194 1078 4264 civilitas
1093 4205 1246 4285 apparet,

256 4317 375 4374 tamen
397 4314 431 4369 te
454 4322 559 4389 rogo,
585 4320 723 4364 mecum
746 4309 786 4364 ut
807 4296 910 4367 attica
937 4298 1012 4386 lege
1033 4319 1131 4386 agas,
1154 4292 1245 4365 ἄνευ
1292 4305 1359 4377 No,
1374 4305 1486 4380 3186,
2150 4319 2182 4381 5¹
2197 4309 2284 4373 Maii.

255 4396 472 4500 προοιμίων.
523 4397 626 4469 Certe
643 4397 714 4466 illis
729 4397 929 4466 immodicis
945 4399 1132 4480 laudibus,
1158 4418 1245 4490 quas
1299 4403 1472 4436 *Ν
1617 4470 1628 4483 α
2143 4404 2283 4429 w

254 4508 293 4577 in
315 4530 371 4574 me
394 4518 542 4594 utraque
564 4501 671 4570 mann
687 4499 865 4589 congeris,
890 4524 965 4569 non
981 4500 1147 4570 delector.
1198 4492 1246 4566 Et
1542 4489 1726 4574 Senatui
1759 4488 2029 4605 Norimlterg.

255 4632 365 4680 essem
382 4602 708 4694 armgamissmus’
731 4603 759 4670 Si
776 4624 1080 4691 easagnffioerem·
1126 4597 1246 4687 Qum
1363 4636 1485 4709 Epistol·
1512 4632 1671 4687 Melantbou
1699 4631 1733 4686 ad
1757 4611 1887 4686 Senatum
1912 4629 2187 4702 Norimbergensem‚
2210 4632 2237 4686 d.
2256 4633 2313 4691 d..

255 4713 304 4783 ita
320 4713 365 4780 ad
381 4734 455 4793 me,
480 4720 521 4775 ut
542 4707 584 4773 ad
609 4703 809 4773 studiorum
826 4704 960 4774 socium
981 4701 1122 4773 scribes.
1171 4697 1247 4769 Re.-
1393 4709 1419 4762 s.
1437 4704 1505 4759 rum
1526 4704 1618 4785 rste,
1640 4701 1789 4803 rigum.
1808 4699 1957 4781 stapam:
1983 4702 2072 4769 ..su
2092 4702 2217 4769 nereum
2235 4703 2286 4757 1111

253 4815 351 4907 liqna
367 4833 447 4903 pars
462 4800 629 4898 epistolae
651 4806 696 4872 ὅθ
720 4818 779 4874 ²¹¹³
800 4828 881 4895 “3³
902 4830 958 4874 ¹¹¹²
980 4802 1247 4874 benevolentiae
1393 4776 1510 4910 llll?
1523 4774 1612 4912 ilfi?
1632 4787 1689 4893 'iu
1709 4771 1869 4894 iiiiimii
1881 4768 2284 4895 l?‘t3d.·2.l1⁰lltt·.1.¹¹t.tt

252 4905 369 5007 licque
391 4897 518 4983 studiis
541 4905 586 4979 D.
605 4901 760 4977 Urbani
778 4908 846 4977 full
867 4903 957 4976 mihi
981 4903 1246 5010 iucundissima.
1397 4912 1487 4994 'dubie'
1500 4931 1529 4994 ¹.¹¹
1553 4910 1721 5036 {ibliotbeca
1746 4908 1828 5028 ¹liegia
1848 4908 2027 5029 lplpnsspnensi,
2046 4909 2102 5029 'seg‘
2122 4907 2283 5027 nonippslnait

255 5015 364 5188 gud
477 5009 563 5182 ...dr
584 5003 761 5126 notter,
785 5005 1052 5181 neglegeres·
1091 4999 1247 5178 pomae
1397 4998 1549 5105 111111,
1568 4995 2025 5114 uarias?atrata
2044 4994 2208 5114 aar

217 5206 224 5216 ·
282 5130 389 5187 rcrtur
416 5137 506 5207 papa
546 5129 766 5228 ¹enuncrasse
792 5133 857 5200 pro
874 5132 911 5178 ec
930 5132 1088 5180 ronema
1139 5130 1246 5225 syno-

255 5223 341 5291 dum
385 5240 466 5286 cnm
485 5238 540 5281 ma
566 5238 613 5282 no
636 5225 804 5283 comitatu
827 5224 864 5281 at
914 5236 971 5281 ea
1021 5224 1121 5280 aratu
1137 5231 1246 5296 suscr·
1300 5258 2281 5277 ..,..„-.-„...-.„.,„.-..„..„„„-„

257 5273 436 5416 piendam.
470 5236 645 5387 Sedghanc
662 5235 1101 5407 ipsamdeniiciaiiinem
1119 5309 1246 5380 deinde
1888 5325 1891 5329 ·

1295 5404 1361 5476 No.
1381 5400 1493 5473 5187.
1623 5483 1626 5488 ,
1946 5399 1952 5412 ’
1979 5406 1984 5415 ’
2153 5403 2282 5469 authu.

255 5503 630 5568 ..α-ηιτ-ιντψ.1““’
1304 5497 1476 5529 Μ
2150 5496 2284 5526 M

291 5643 316 5707 1)
334 5635 438 5710 Spanh.
455 5635 599 5688 mendose:
616 5635 777 5688 admixtas.
1629 5585 1705 5675 W·
1742 5579 1954 5670 Mutatio.

289 5726 317 5791 ι)
337 5722 439 5795 simi·
452 5721 597 5775 m‘⁰d⁰⁸⁶²
618 5720 895 5818 imprffd‘mmm'
1366 5719 1404 5803 Er
1421 5707 1588 5819 autographo
1605 5745 1633 5796 in
1652 5741 1813 5796 bibliothece
1834 5740 1968 5795 Beruensl
1986 5736 2058 5791 edite
2079 5738 2108 5790 iu
2128 5736 2149 5789 Ι.
2168 5733 2202 5788 11.
2220 5734 2287 5789 Sin-

289 5810 320 5878 *l
339 5810 402 5865 vid·
415 5811 448 5863 δὲ
461 5808 512 5862 ¹²⁰⁰
528 5804 639 5860 ‘imm
652 5802 772 5860 smm·
783 5825 811 5879 P·
827 5807 888 5862 ⁴⁵⁹·
1394 5818 1453 5871 neri
1468 5815 1545 5869 catal.
1558 5812 1637 5867 codd.
1651 5820 1712 5865 mst.
1726 5809 1854 5864 Bibliutb.
1871 5806 2023 5873 Hennensis,
2041 5799 2122 5862 'l'uru
2139 5805 2184 5859 ΙΙΙ.
2205 5805 2288 5875 (ller-

288 5895 335 5961 **)
356 5893 418 5947 atta
433 5909 528 5945 manus
541 5888 699 5961 adscripsit:
717 5906 791 5942 auno
808 5890 882 5945 1545.
1124 5883 1133 5894 ’
1400 5906 1448 5939 uae
1465 5885 1538 5937 mr.
1556 5883 1591 5949 8.)
1611 5904 1635 5953 p.
1649 5883 1708 5935 itio.
1745 5879 1975 5947 (Foerstemanu.)

258 5974 435 6039 blerasrn.
450 5973 553 6037 Orsa.
583 5969 665 6031 Ver..
682 5967 721 6031 V.
1482 5958 1531 6027 48
