5325 6917
315 702 390 775 888
888 687 1323 768 EPISTULARUM
1380 687 1490 766 LIB.
1521 686 1587 768 lx.
1641 685 1773 768 1545.
2311 687 2387 764 884

316 896 418 969 posse
440 870 521 939 illas
542 891 599 938 res
621 890 688 938 nec
714 890 814 959 posse
838 867 992 959 pretium
1014 867 1162 939 solvere.
1214 860 1257 936 ld
1279 862 1310 933 si
1367 856 1589 934 Venerando
1606 858 1702 951 viro,
1721 858 1924 934 eruditione
1941 871 1975 932 tt
1989 860 2137 961 pietate
2151 861 2384 961 praestanti,

319 979 367 1047 ita
384 987 448 1059 est,
466 973 595 1043 rectius
607 971 749 1055 taceret,
774 970 803 1038 si
819 993 964 1061 prorsus
978 969 1111 1040 relictis
1128 968 1200 1037 illis
1209 989 1312 1059 ptae-
1362 960 1418 1039 D.
1444 957 1689 1036 Friderico
1712 963 1957 1062 Myconio‚
1990 960 2163 1038 Pastori
2191 961 2383 1036 Ecclesiae

320 1079 390 1149 diis
408 1077 540 1148 rediret
563 1073 602 1141 in
620 1071 831 1162 Turingiam
854 1073 900 1140 ad
923 1087 1089 1160 cognatos
1112 1085 1146 1141 et
1168 1070 1312 1140 adfines.

320 1180 413 1252 Nam
431 1180 462 1249 si
474 1189 609 1270 sperat,
635 1188 801 1264 cognatos
818 1188 879 1245 aut
894 1175 1028 1243 adfines
1041 1199 1107 1266 pro
1123 1174 1200 1264 ipsa
1215 1173 1314 1242 solu·

322 1297 423 1354 turos
439 1304 529 1363 esse,
552 1290 625 1347 tota
642 1278 699 1346 via
714 1291 817 1351 errat.
868 1271 917 1347 Et
934 1277 1047 1368 ipsam
1062 1277 1189 1347 stultae
1202 1298 1242 1345 ac
1255 1275 1314 1343 su·

320 1384 436 1454 riosae
458 1380 691 1470 obligationes
715 1380 786 1448 viri
809 1374 901 1447 nihil
923 1381 1094 1470 obligant.
1153 1372 1314 1448 Obsecro

322 1510 404 1563 vos,
430 1486 510 1553 date
528 1483 559 1550 ei
576 1506 614 1551 re
629 1482 749 1552 audita
766 1481 966 1553 consilium.
1017 1465 1135 1565 Utile,
1160 1493 1194 1549 et
1210 1481 1314 1549 credo

322 1587 551 1657 utilissimum
569 1585 603 1652 ei
619 1609 703 1667 esse,
729 1584 929 1676 relinquere
946 1584 1008 1651 illa
1024 1584 1130 1666 bona,
1153 1606 1218 1673 pro
1234 1581 1316 1680 qui-

323 1690 390 1759 bus
406 1713 479 1757 non
496 1699 612 1777 potest
625 1687 761 1755 solvere
775 1686 940 1777 pretium.
979 1682 1033 1754 De
1046 1685 1118 1754 filia
1136 1707 1316 1753 commen-

324 1793 439 1860 danda
457 1790 600 1878 coniugi
623 1789 809 1856 reverendi
824 1784 869 1860 D.
884 1786 1048 1859 Doctoris
1063 1782 1239 1855 Martini
1259 1786 1317 1853 ni-

325 1886 379 1960 hil
400 1892 465 1983 egi.
517 1890 608 1960 Nam
632 1914 695 1979 ego
727 1914 808 1958 eum
832 1915 979 1960 onerare
997 1915 1071 1958 non
1094 1889 1188 1959 volo.
1238 1884 1315 1977 Ego

324 1994 356 2063 si
376 1996 421 2064 de
443 2016 522 2061 meo
545 1993 676 2061 servire
698 2013 841 2083 possum
862 1991 1005 2063 mulieri
1029 2006 1090 2062 aut
1115 1991 1229 2074 tiliae,
1263 1991 1317 2059 sa-

325 2096 432 2180 ciam,
457 2118 523 2164 nec
538 2118 736 2164 recusarem
752 2119 827 2163 eam
843 2095 1018 2186 recipere,
1044 2095 1075 2163 si
1090 2095 1135 2161 ad
1151 2117 1207 2161 me
1231 2091 1316 2161 mit-

325 2211 423 2271 teret.
471 2194 570 2266 Bene
584 2198 674 2286 vale.
724 2193 792 2266 Die
811 2198 926 2287 primo
942 2194 1164 2267 Novembris.

1123 2294 1164 2371 P.
1187 2294 1240 2365 Μ.

324 2502 633 2515 ...————-————·-
645 2503 826 2510 --——--.--—
840 2501 1021 2509 ’.ψ’-...ῃ-
1037 2499 1306 2509 --.—-—-—-.—-

324 2619 391 2694 No.
406 2619 519 2693 3307.

331 2715 504 2746 Μ

1187 2636 1221 2695 2.
1235 2602 1314 2688 Nor.

1175 2718 1316 2744 Μ

646 2801 696 2888 Ρ.
725 2799 996 2891 Medmonoo.

393 2982 472 3037 Edita
492 2980 521 3035 in
539 2980 569 3037 S.
587 2982 661 3038 abb.
681 2980 839 3037 Gabbcmae
857 2981 936 3053 epist.
955 2982 1056 3039 claror.
1076 2982 1160 3039 viror.
1178 3001 1206 3054 p.
1221 2986 1264 3041 80.

460 3132 526 3209 Ad
546 3135 601 3212 D.
627 3132 813 3210 Petrum
840 3134 1187 3216 Medmonnum.

322 3248 410 3343 Deo
425 3286 568 3343 aeterno
585 3273 683 3345 Patri
699 3272 848 3344 Domini
863 3274 976 3344 nostri
991 3273 1070 3344 lesu
1082 3271 1217 3346 Christi
1234 3298 1315 3365 gra-

323 3374 389 3442 tias
403 3399 488 3463 ago,
513 3378 610 3467 quod
625 3401 783 3467 repressa
797 3376 961 3470 Lycaone
975 3373 1149 3446 Ecclesias
1165 3390 1200 3447 et
1215 3376 1315 3474 Poli-

321 3475 389 3546 tias
417 3472 545 3546 harum
572 3477 758 3565 regionum
788 3479 956 3547 defendit.
1022 3477 1167 3549 Utinam
1194 3494 1313 3550 autem

322 3581 468 3649 eventus
495 3578 600 3650 etiam
626 3578 705 3647 aliis
732 3578 889 3669 pericula
919 3579 1067 3667 mitiget.
1118 3577 1216 3651 Mihi
1238 3607 1313 3652 non

322 3693 407 3748 sunt
434 3692 518 3749 nota
545 3680 747 3770 principum
774 3679 939 3749 consilia:
974 3678 1023 3751 Et
1047 3707 1232 3776 nunquam
1258 3686 1312 3755 tui

320 3804 443 3850 suasor
457 3782 641 3866 sumendi,
666 3782 735 3850 nisi
752 3805 889 3852 necesse
906 3794 1005 3866 esset,
1030 3785 1120 3855 sicut
1137 3785 1255 3856 iudico
1270 3787 1311 3855 in

320 3884 545 3974 reprimendo
568 3882 733 3977 Lycaone
756 3910 838 3953 vere
865 3885 1095 3954 necessariam
1119 3902 1154 3957 et
1180 3888 1309 3957 iustam

319 3985 562 4054 defensionem
591 3999 786 4075 susceptam
815 4010 899 4055 esse.
948 3981 1153 4059 Francisco
1184 3986 1228 4061 V
1224 3988 1308 4058 ino-

321 4082 437 4153 riensi
454 4086 597 4178 scripsi,
630 4100 671 4155 ut
693 4087 841 4177 petiisti,
872 4113 938 4156 nec
963 4089 1147 4177 obsignavi
1164 4092 1308 4162 litteras.

319 4185 440 4275 Quare
462 4189 561 4278 prius
586 4212 643 4257 eas
666 4190 789 4279 legito:
822 4204 873 4273 et,
896 4189 925 4258 si
946 4192 1144 4276 videbitur,
1169 4189 1307 4267 exhibe.

316 4288 534 4380 Magnopere
560 4306 593 4361 te
615 4317 697 4376 oro,
729 4291 902 4381 significes
923 4288 1014 4361 mihi
1039 4318 1101 4383 per
1120 4290 1216 4365 hunc
1239 4321 1306 4365 no-

315 4405 427 4463 strum
445 4393 691 4478 tabellarium,
724 4419 814 4488 quae
831 4395 876 4465 sit
892 4394 1014 4486 opinio
1030 4398 1245 4486 prudentum
1262 4401 1306 4469 de

200 4488 212 4502 ’
315 4508 511 4581 conventu,
544 4497 605 4590 qui
634 4495 853 4569 Ratisbonae
883 4520 1003 4566 mense
1028 4494 1219 4569 Decembri
1247 4502 1305 4569 in-

315 4589 498 4665 choandus
513 4598 706 4669 dicebatur.
758 4598 866 4669 Mitto
883 4598 950 4668 tibi
965 4600 1224 4671 oratiunculam
1239 4597 1306 4670 ha-

308 4697 444 4781 bitam,
478 4721 558 4767 cum
583 4724 698 4791 nuper
728 4696 785 4771 hic
812 4725 913 4770 esses.
970 4698 1069 4769 Bene
1093 4716 1127 4772 et
1155 4704 1304 4775 feliciter

312 4798 403 4868 vale.
454 4798 513 4867 die
538 4797 584 4868 ll.
598 4799 732 4870 Novbr.
783 4800 979 4894 Epistolam
997 4804 1096 4872 illam
1113 4819 1266 4875 veterem
1283 4829 1302 4873 a

310 4914 347 5011 te
362 4899 546 4994 scriptam,
572 4900 672 4972 cuius
687 4897 746 4971 hic
759 4906 976 4975 mentionem
992 4905 1162 4992 faciebas,
1188 4929 1303 4998 nuper

311 5026 440 5094 accept.

763 5100 954 5197 Philippus
976 5104 1201 5178 Melantbon.

305 5300 607 5314 .--——·—-—--<-
618 5303 1297 5318 -------—-—-—·-—-—-—-—-—-—-—-———--.—.—

303 5425 372 5499 No.
387 5424 500 5501 8308.

303 5521 513 5554 Μ

1153 5445 1185 5507 6.
1208 5438 1289 5507 Nor.

1130 5527 1301 5557 Μ

659 5625 709 5709 lt,
735 5627 947 5736 Myconio.

332 5751 338 5765 Ι
367 5797 645 5937 Ειὲίιώδηεςωίο
662 5820 705 5874 cp.
723 5801 768 5915 63.
790 5800 895 5856 contuli
914 5804 1018 5874 Apogr.
1039 5799 1068 5857 in
1087 5802 1150 5860 cod.
1167 5804 1262 5861 Mebn.
1276 5807 1297 5863 l.

1441 1062 1521 1137 Dei
1541 1065 1581 1137 in
1596 1065 1731 1167 oppido
1749 1065 1898 1152 Gotho,
1926 1062 2132 1182 cecissimo
2150 1065 2313 1168 fratri,

1365 1212 1410 1308 S.
1434 1232 1480 1308 D.
1514 1230 1705 1304 Carissime
1720 1232 1913 1319 Friderice‚
1937 1248 2087 1327 propter
2100 1235 2222 1307 urbis
2240 1248 2380 1318 vestrae,

1367 1352 1458 1429 quae
1476 1349 1569 1406 certe
1582 1349 1634 1406 est
1649 1331 1843 1429 hospitium
1853 1333 2031 1408 Ecclesiae
2044 1335 2135 1422 Dei,
2160 1352 2204 1408 et
2215 1335 2379 1431 Praesepe

1367 1436 1521 1523 Christi,
1546 1439 1771 1525 incendium,
1796 1461 1923 1529 magno
1947 1441 2074 1511 dolore
2094 1441 2265 1513 afficior.
2316 1439 2377 1511 Sed

1368 1553 1525 1612 sustento
1550 1565 1606 1610 me
1626 1541 1839 1632 cogitatione
1862 1542 2057 1613 voluntatis
2081 1540 2185 1628 Dei,
2222 1541 2289 1636 qui
2309 1544 2378 1614 vult

1368 1642 1564 1715 Ecclesiam
1582 1640 1741 1724 †suam''
1751 1638 1778 1738 ¹)
1800 1644 1992 1714 subiectam
2011 1668 2090 1714 esse
2116 1645 2247 1715 cruci:
2275 1658 2308 1715 et
2327 1660 2374 1715 ta-

1368 1766 1452 1816 men
1466 1770 1543 1814 eam
1558 1759 1675 1814 servat
1690 1744 1912 1819 mirabiliter.
1969 1744 2078 1817 Nunc
2096 1761 2231 1817 totum
2245 1771 2376 1838 corpus,

1370 1850 1406 1917 id
1424 1861 1476 1917 est
1491 1848 1672 1918 universas
1691 1845 1838 1917 Politias
1856 1862 1890 1917 et
1904 1844 2085 1918 Ecclesias
2103 1844 2250 1919 harum
2265 1850 2376 1940 regio-

1370 1975 1457 2020 num
1475 1951 1664 2021 clementer
1681 1950 1859 2033 defendit,
1883 1973 2042 2040 represso
2061 1965 2236 2045 tyranno
2254 1946 2373 2021 Brun-

1369 2050 1538 2125 suicensi.
1585 2050 1631 2143 ,td
1654 2052 1864 2121 beneficium
1892 2053 1982 2141 grati
2007 2053 2262 2128 celebremus.
2312 2054 2372 2126 Sed

1370 2179 1414 2223 ne
1432 2154 1565 2224 laetitia
1582 2154 1790 2238 efferamur,
1816 2177 1937 2223 rursus
1958 2156 2130 2245 castigari
2150 2171 2295 2248 partem
2315 2158 2371 2225 ali-

1371 2252 1517 2351 quam²)
1539 2256 1643 2339 sinit,
1668 2280 1715 2325 ne
1729 2256 1842 2326 securi
1858 2271 1892 2326 et
1905 2280 2029 2347 segnes
2051 2259 2171 2330 nobis
2191 2260 2370 2349 indulgea-

1369 2382 1459 2433 mus.
1511 2355 1608 2427 Haec
1630 2361 1675 2427 ad
1695 2359 1853 2449 regulam
1877 2360 2118 2429 conveniunt:
2156 2358 2318 2430 visitabo
2335 2359 2370 2429 in

1371 2458 1476 2554 virgo
1500 2456 1717 2557 iniquitates
1742 2482 1891 2536 ·eorum;
1924 2457 2234 2531 misericordiam
2254 2472 2370 2533 eutem

1369 2586 1487 2633 meam
1514 2557 1814 2661 nondispergom
1836 2560 1885 2631 ab
1907 2561 1969 2632 eis.
2018 2561 2102 2634 Hac
2128 2566 2371 2636 consolatione

1369 2679 1403 2735 te
1419 2678 1455 2736 et
1467 2664 1661 2736 Ecclesiam
1679 2679 1776 2735 tuam
1791 2665 1935 2755 erigito,
1960 2679 1996 2735 et
2010 2690 2167 2737 oremus
2181 2666 2313 2754 Deum,
2334 2683 2371 2739 ut

1369 2791 1444 2837 non
1460 2770 1628 2838 accendat
1642 2781 1753 2838 totam
1773 2767 1863 2836 iram
1876 2790 1996 2852 suam,
2018 2768 2083 2837 sed
2101 2769 2222 2841 inira
2239 2771 2370 2841 miseci-

1370 2870 1510 2940 cordiae
1525 2893 1608 2940 suae
1622 2870 1839 2953 recordetur,
1861 2882 2006 2960 propter
2018 2868 2169 2942 Filium
2183 2896 2291 2944 suum
2304 2871 2371 2944 Do-

1369 2973 1507 3041 minum
1522 2985 1684 3042 nostrum
1699 2970 1815 3045 lesum
1831 2966 2033 3058 Christum3
2058 2985 2099 3043 ut
2123 2990 2321 3047 serventur
2337 2978 2370 3045 in

1368 3070 1425 3143 his
1450 3075 1656 3163 regionibus
1677 3073 1850 3166 reliquiae
1873 3069 2072 3155 Ecclesiae,
2098 3090 2141 3145 et
2159 3102 2242 3147 non
2264 3078 2371 3149 extin-

1367 3188 1496 3265 guatur
1511 3177 1573 3246 lux
1588 3199 1692 3245 verae
1708 3176 1902 3249 doctrinae.
1938 3171 1973 3246 Ο
1987 3173 2060 3246 Fili
2075 3175 2151 3246 Dei
2168 3177 2253 3251 lesu
2268 3177 2372 3252 Chri-

1367 3291 1437 3361 ste,
1463 3278 1626 3364 crucifixe
1649 3302 1713 3369 pro
1743 3272 1849 3347 nobis
1872 3291 1906 3347 et
1933 3279 2170 3368 resuscitate,
2203 3269 2294 3382 Mys
2312 3278 2371 3355 eci

1366 3374 1478 3450 stede
1492 3375 1619 3451 ἀϊδίου
1633 3374 1789 3478 πατρὸς,
1818 3378 1881 3473 qui
1903 3380 1994 3448 iram
2008 3378 2080 3451 Dei
2094 3383 2290 3473 ingentem
2307 3387 2370 3455 ad-

1366 3498 1488 3553 versus
1511 3498 1631 3555 nostra
1652 3495 1792 3575 peccata
1816 3483 1854 3549 in
1877 3496 1910 3568 te
1926 3483 2120 3570 derivasti,
2150 3500 2190 3558 et
2212 3512 2247 3558 cs
2261 3490 2370 3558 sactus

1366 3586 1587 3676 propitiator,
1612 3587 1777 3655 miserere
1795 3585 1908 3654 nostri
1924 3598 1958 3654 et
1977 3585 2165 3658 intercede
2183 3616 2249 3683 pro
2265 3590 2367 3659 nobis

1365 3691 1457 3778 apud
1475 3702 1656 3757 aeternum
1674 3687 1831 3757 Patrem:
1855 3709 1934 3775 rege
1950 3701 1984 3755 et
2003 3713 2107 3758 serva
2125 3716 2207 3766 nos.
2258 3690 2366 3763 Datae

1363 3790 1399 3864 6.
1417 3788 1638 3860 Novembris.
1687 3787 1785 3857 Bene
1806 3788 1883 3857 vale
1898 3801 1932 3858 et
1948 3789 2157 3887 rescribe³).

1802 4057 1804 4063 γ
1861 3941 2062 4047 Philippus
2082 3954 2317 4031 Melantbon.

1369 4189 1656 4199 *φ’-ῳ...

1369 4350 1436 4426 Νο.
1452 4352 1563 4425 3300.

1364 4453 1577 4487 Μ

2211 4370 2243 4431 9.
2261 4360 2335 4425 Nor.

2185 4454 2350 4483 Μ

1637 4552 1784 4638 Ioocie.
1811 4548 2077 4638 Camerario.

1425 4727 1510 4799 Epist.
1530 4728 1563 4781 ad
1579 4726 1718 4783 Camerar.
1734 4746 1761 4795 p.
1777 4726 1828 4779 538
1847 4746 1889 4799 sq.
1909 4727 1963 4794 (ed.
1977 4727 2067 4782 Lond.
2087 4728 2138 4785 lib.
2153 4730 2207 4787 lV.
2224 4754 2267 4806 ep.
2278 4734 2351 4799 SM).

1458 4829 1494 4841 ..
1511 4796 1697 4917 Apoqrapbon
1716 4795 1744 4847 in
1764 4796 1825 4851 cod.
1839 4795 1923 4881 Goth.
1936 4798 1997 4851 401.
2019 4816 2045 4868 p.
2065 4799 2125 4853 128.
2145 4802 2197 4856 ubi
2214 4801 2350 4859 recentiori

1458 4883 1540 4918 manu
1558 4885 1572 4918 a
1593 4873 1726 4936 scriptum
1745 4874 1801 4919 cst:
1830 4866 2019 4947 dictenturgo.

1357 5054 1556 5066 ------
1589 5063 1591 5066 .

1392 5196 1417 5265 1)
1437 5193 1521 5248 Addit
1541 5192 1605 5247 cod.
1624 5192 1720 5250 Mebn.

1389 5294 1419 5363 2)
1437 5298 1576 5365 aliquam]
1595 5295 1658 5350 cod.
1677 5295 1771 5352 Mehn.
1790 5295 1937 5368 obliquam.

1339 5387 1342 5394 ’
1390 5392 1419 5464 3)
1438 5393 1502 5447 ”Ad
1522 5394 1674 5467 marginem
1698 5392 1778 5447 buius
1796 5394 1921 5466 epistolae
1941 5394 2095 5467 Myconius
2120 5418 2174 5454 sua
2192 5421 2274 5456 manu
2290 5401 2346 5457 baec

1424 5465 1564 5535 sequentia
1590 5463 1747 5535 adscripsit:
1785 5464 1884 5534 „,.qui
1908 5465 1972 5518 mibi
1999 5464 2047 5519 has
2073 5465 2174 5524 literas
2199 5471 2347 5538 attulerunt,

1423 5534 1593 5587 referebant:
1615 5531 1690 5587 bunc
1708 5532 1736 5585 S.
1756 5530 1849 5586 Virum
1870 5532 2083 5608 consessorem,
2109 5538 2267 5595 Dominum
2286 5542 2346 5595 Phi-

1424 5602 1549 5674 lippum,
1579 5600 1671 5654 audito
1700 5600 1780 5655 buius
1811 5602 1884 5656 urbis
1915 5604 2059 5668 incendio,
2088 5604 2298 5682 illacrymasse,
2326 5623 2348 5665 et

1421 5680 1484 5743 post
1509 5671 1641 5741 lacrymas
1666 5670 1733 5725 baec
1756 5669 1812 5725 acri
1832 5672 1905 5726 sisse.
1940 5670 2027 5731 Valde
2050 5676 2128 5729 enim
2156 5679 2232 5736 haue
2256 5684 2346 5736 urben

1389 5783 1390 5787 ψ
1420 5691 2084 5867 actasttterutluaazias
2098 5744 2345 5874 tristata

1800 5847 1808 5863 ι
2092 5854 2101 5877 ,
2275 5841 2297 5874 ῃ

1419 5877 1559 5933 silentium
1575 5879 1605 5933 in
1624 5876 1745 5933 ecclesiis
1762 5887 1790 5932 et
1807 5878 1963 5955 schola.„'’
2002 5881 2089 5952 (Mota
2108 5883 2290 5962 θηρῶ)
2325 5911 2330 5923 ·
