5325 6917
312 684 388 758 899
902 666 1336 746 EPISTOLARUM
1386 664 1491 738 LlB.
1526 662 1590 739 IX.
1646 659 1772 739 1546.
2230 727 2238 741 ,
2303 658 2379 732 900

315 857 371 947 aig
389 855 501 942 aegeo
517 845 858 944 perhetgoettongen.
882 846 946 916 aab
961 843 1017 934 tott
1031 846 1144 932 anteat
1159 846 1212 916 bet
1226 841 1309 914 ibit:
1362 839 1423 907 sed
1447 837 1643 926 significare
1664 833 1773 923 mihi,
1807 855 1880 930 quo
1908 848 2123 925 argumento
2149 831 2245 902 velis
2271 834 2376 918 scribi

318 950 541 1046 tenbttgiidten
560 952 762 1022 oetotbneten
779 947 918 1021 tubitet
939 948 1021 1019 tinet
1041 950 1097 1016 oes
1119 942 1310 1036 &eihltdtti
1362 940 1637 1045 praefationem,
1676 962 1886 1034 >quanquam
1927 940 2080 1032 teipsum
2124 937 2292 1005 scribere
2321 940 2374 1007 vel

320 1077 384 1132 ton
406 1056 650 1142 (stitttineen
673 1052 747 1141 oud)
769 1051 928 1134 lenimen,
961 1046 1088 1139 tetidtet
1113 1046 1155 1117 Q.
1173 1048 1248 1140 ΕΝ.
1262 1044 1311 1119 (li.
1364 1056 1425 1112 tuo
1443 1043 1500 1110 vel
1523 1067 1602 1112 meo
1626 1044 1772 1112 nomine
1794 1042 1965 1132 optarim,
1992 1065 2069 1111 non
2092 1039 2201 1109 enim
2219 1039 2375 1110 arbitror

323 1160 367 1252 id)
384 1166 496 1233 batum
511 1155 633 1246 ongtige
642 1202 652 1238 ,
674 1156 712 1224 ob
727 1155 765 1244 lie
774 1202 785 1239 ,
810 1158 1002 1225 unetnnttet
1019 1153 1071 1223 bet
1089 1150 1221 1240 dailai.
1237 1148 1312 1222 Qvi·
1364 1159 1397 1216 tc
1412 1140 1506 1213 hauc
1521 1146 1719 1235 despectam
1739 1170 1759 1214 a
1774 1144 1896 1214 multis
1912 1166 2075 1234 operam,
2090 1142 2284 1231 defugere.
2320 1142 2373 1212 st.

323 1252 867 1354 inquietanteacconenses)
883 1276 919 1345 gu
934 1259 991 1328 ben
1007 1260 1138 1340 centn,
1151 1254 1183 1342 to
1199 1248 1312 1344 [diecti
1365 1248 1546 1339 gnificabis
1560 1249 1669 1338 igitur
1691 1243 1798 1327 mihi,
1827 1247 1913 1340 quid
1930 1261 1991 1317 aut
2005 1246 2082 1315 fieri
2099 1245 2220 1329 vetis,
2246 1257 2308 1313 ³11¹
2325 1244 2373 1313 ¹2·

325 1364 507 1439 ortonnes
533 1357 617 1448 fieb.
645 1360 708 1431 aab
733 1362 807 1449 nod)
828 1358 942 1450 tegite)
966 1355 1168 1441 autemnon,
1199 1354 1313 1447 mega
1367 1364 1487 1419 eturus
1504 1351 1563 1423 sis.
2155 1359 2165 1391 ν

325 1462 634 1558 “bitillttfflmllllh
671 1460 790 1558 {uomit
807 1460 928 1532 ΨΜ·
945 1458 1146 1551 &bili-id)
1164 1459 1315 1551 minoe
1469 1494 1524 1568 Ex
1537 1498 1679 1569 Prussia
1700 1492 2051 1567 recentesaSabino
2076 1453 2223 1566 litteras
2248 1499 2368 1588 accepi,

280 1636 288 1646 -
326 1563 510 1658 litliinlssll
533 1563 680 1656 b⁰l⁰lll⁰¹l
699 1563 812 1653 ΨΜ·
872 1564 1004 1633 Dllum
1024 1561 1238 1654 llilssmlbmss
1262 1580 1315 1633 “⁰¹
1367 1597 1596 1670 hilariuscule
1615 1602 1772 1692 scriptas.
1824 1598 1954 1669 Filiam
1975 1595 2067 1667 mihi
2084 1600 2268 1667 narrabat
2281 1623 2367 1666 nun-

325 1668 481 1761 Ditniiog
500 1667 573 1760 nod)
592 1669 756 1757 Andreae
772 1666 939 1757 apostoli,
964 1689 1059 1734 anno
1080 1661 1190 1736 1545.

711 1768 783 1843 (lte.
801 1768 876 1863 hhi.
892 1767 938 1840 hi.
959 1819 968 1828 -

979 1864 1215 1959 ontetttptniger

1032 1972 1168 2062 mittigat

915 2071 1094 2161 Sepone
1119 2072 1293 2166 Spittnec

946 2173 1265 2266 taedenteiboctor.

326 2397 392 2405 -,.,
407 2396 415 2400 .
438 2395 445 2400 .
471 2393 552 2400 n...
618 2381 1316 2400 *affl—*—

323 2539 388 2612 Νο.
408 2532 521 2612 3325.
1164 2548 1198 2608 8.
1212 2539 1288 2606 Deo.

321 2634 492 2662 w

550 2833 553 2835 ,
602 2733 749 2813 Ioach.
780 2729 1042 2815 Camerario.

387 2898 471 2969 Epist.
487 2895 519 2950 ad
537 2895 676 2950 Camerar.
693 2912 722 2966 p.
734 2894 786 2949 533
799 2915 838 2967 sq.
857 2896 912 2963 (ed.
925 2893 1016 2952 Lond.
1030 2893 1078 2950 lih.
1094 2896 1142 2954 IV.
1157 2913 1201 2966 ep.
1213 2894 1297 2964 682).

317 3048 544 3129 Clarissimo
567 3052 644 3123 viro
671 3048 874 3125 eruditione
901 3063 933 3124 et
955 3052 1085 3124 virtute
1105 3056 1318 3152 praestanti

366 3155 395 3228 I
399 3152 611 3228 oachimo
638 3149 757 3229 Cam.
784 3152 878 3232 Pab.
904 3156 1024 3227 amico
1046 3182 1113 3227 sno
1137 3156 1265 3227 cariss.

315 3273 359 3365 S.
383 3296 428 3369 D.
482 3293 626 3366 Gratias
640 3319 704 3386 ago
719 3292 796 3365 Deo
810 3309 953 3366 aeterno
975 3295 1068 3388 patri
1085 3295 1223 3364 domini
1246 3319 1313 3366 no-

316 3399 381 3466 stri
407 3396 488 3466 lesu
507 3393 660 3480 Christi,
687 3401 781 3489 quod
807 3412 840 3466 te
863 3400 1004 3467 reduxit
1027 3398 1242 3467 incolumem
1267 3401 1312 3467 ad

314 3494 510 3568 Ecclesiam
527 3513 623 3569 tuam
634 3500 858 3569 domesticam
876 3514 911 3571 et
927 3496 1184 3586 scholasticam,
1196 3502 1311 3601 quod-

163 3661 169 3668 .
201 3617 211 3629 ·
316 3625 386 3693 que
409 3616 442 3671 te
465 3614 498 3670 et
521 3614 601 3671 tuos
625 3615 741 3671 servat
772 3615 805 3671 ct
828 3603 996 3675 defendit.
1055 3599 1195 3672 Docent
1215 3603 1311 3671 enim

219 3770 227 3785 ,
316 3726 400 3784 nos,
428 3716 462 3772 et
487 3705 652 3773 universa
676 3704 837 3773 omnium
861 3718 1061 3794 temporum
1079 3698 1245 3789 historia,
1277 3718 1312 3775 et

316 3819 458 3874 nostrae
472 3807 653 3886 miseriae,
680 3820 776 3878 tutos
794 3830 867 3875 esse
883 3801 1046 3875 homines
1064 3830 1139 3874 non
1154 3801 1310 3877 humana

1370 1704 1462 1788 cius,
1493 1719 1572 1795 post
1604 1700 1831 1795 puerperium
1860 1726 1880 1772 a
1907 1699 2063 1770 Domina
2097 1703 2147 1770 ad
2180 1702 2368 1793 prandium

1370 1806 1570 1875 accersitam
1589 1830 1672 1877 esse.
1724 1803 1821 1873 Haec
1846 1828 1986 1897 quoque
2001 1804 2093 1871 velle
2111 1818 2148 1874 te
2165 1804 2259 1873 scire
2276 1805 2365 1872 arbi-

1373 1921 1457 1980 tror.
1499 1905 1654 2000 Expecto
1669 1908 1866 1977 litterarum
1883 1929 2027 1996 magnos
2041 1906 2239 1978 fasciculos
2256 1900 2365 1974 exAr-

1370 2023 1564 2098 gentorato.
1616 2007 1707 2077 Nam
1729 2034 1768 2078 eo
1792 2022 1911 2077 noster
1928 2007 2157 2088 tabellarius,
2184 2022 2366 2100 postquam

1371 2125 1409 2180 tn
1439 2112 1616 2201 ingressus
1641 2135 1716 2180 eras
1741 2113 1824 2193 iter,
1865 2111 2042 2199 profectus
2074 2123 2150 2194 est,
2183 2110 2315 2179 missus
2333 2126 2367 2180 ut

1371 2208 1571 2283 scholastici
1597 2228 1747 2284 mortem
1771 2213 1848 2282 seni
1870 2212 1965 2303 patri
1986 2212 2149 2284 nunciet.
2210 2209 2285 2280 Eas
2308 2213 2366 2281 tibi

1370 2317 1535 2407 epistolas
1563 2317 1711 2386 mittam.
1768 2314 1937 2405 Princeps
1960 2309 2154 2383 Ascanius
2179 2307 2369 2384 Iohannes

1370 2413 1439 2486 huc
1462 2421 1629 2488 advectus
1651 2432 1719 2502 est,
1746 2418 1846 2488 cuius
1869 2417 1963 2486 latus
1978 2419 2149 2485 dextrum
2166 2411 2367 2508 παραλύσει

1369 2520 1524 2610 languet.
1584 2518 1636 2592 lta
1658 2520 1814 2589 offerunt
1837 2542 1873 2587 se
1896 2519 2006 2589 multa
2028 2519 2172 2613 ubique
2197 2514 2372 2589 humanae

1370 2622 1583 2693 infirmitatis
1599 2622 1817 2706 testimonia,
1842 2645 1994 2714 quorum
2011 2635 2230 2713 conspectus
2247 2648 2312 2691 nos
2327 2625 2368 2692 ad

1369 2724 1628 2794 invocationem
1639 2719 1773 2795 Christi
1789 2723 1966 2820 exuscitet.
1992 2720 2101 2797 Bene
2110 2725 2205 2809 vale,
2225 2722 2368 2799 llLNo-

1368 2826 1614 2899 nasDccemh.

1890 2923 1893 2927 ’
1930 2922 2126 3020 Philippus
2144 2925 2325 3000 Melanth.

1366 3302 1433 3376 No.
1450 3304 1563 3376 3326.

1372 3400 1543 3429 Μ

1776 3498 1946 3585 Eidem.

1434 3663 1518 3736 Epist.
1531 3664 1563 3718 ad
1578 3665 1717 3720 Camerar.
1731 3683 1757 3736 p.
1770 3664 1829 3719 sta.
1848 3666 1904 3734 (ed.
1918 3663 2009 3719 Lond.
2023 3664 2072 3720 lib.
2091 3666 2141 3722 lV.
2156 3688 2184 3741 p.
2197 3669 2281 3736 m).

1364 3810 1589 3890 Clarissimo
1613 3819 1690 3889 niro
1717 3816 1919 3891 eruditione
1943 3829 1974 3890 et
1999 3820 2133 3893 virtute
2150 3824 2363 3920 praestanti

315 3907 517 3996 diligentia,
544 3934 618 3976 non
635 3909 817 3999 praesidiis
833 3903 1019 3993 humanis,
1045 3933 1119 3979 non
1136 3910 1232 4000 opib.
1253 3910 1311 3979 ul·
1363 3917 1610 3993 [oachim
1645 3912 1923 3993 Camerario
1952 3917 2204 4020 albergam,
2248 3927 2366 3999 amico

316 4008 381 4089 lis,
413 4012 473 4077 sed
503 4008 578 4078 Deo
609 4024 830 4098 protegente,
863 4010 924 4101 qui
953 4012 1098 4101 quidem
1122 4012 1312 4100 pollicetur

316 4123 447 4180 certam
474 4110 715 4179 defensionem
747 4112 997 4180 invocantibus
1033 4113 1148 4203 ipsum
1182 4114 1311 4183 fiducia

315 4213 390 4281 filii.
443 4210 519 4281 Hac
542 4237 607 4282 nos
627 4237 687 4305 spe
713 4226 959 4284 sustentemus.
1012 4212 1178 4283 Humana
1203 4240 1310 4308 quam

316 4316 387 4384 sint
402 4316 541 4384 infirma
558 4317 778 4407 experimur,
805 4329 846 4385 ut
861 4330 941 4385 ante
957 4316 1048 4401 dixi,
1071 4317 1111 4383 in
1127 4318 1257 4387 nostris
1277 4331 1311 4388 et

316 4418 493 4488 veteribus
516 4414 684 4492 historiis.
743 4416 821 4506 Ego
843 4413 928 4487 haec
949 4444 1045 4488 nunc
1067 4420 1201 4490 maiore
1229 4445 1310 4489 cnm

316 4519 440 4588 dolore
461 4521 596 4610 cogito,
630 4522 803 4612 quaedam
833 4516 915 4615 περὶ
936 4527 1169 4615 παρασκευῆς
1196 4523 1309 4592 futuri

317 4635 529 4703 conventus,
569 4636 609 4691 ut
643 4623 759 4692 iussus
791 4647 888 4703 sum,
922 4623 1089 4697 scribens.
1157 4623 1309 4713 Magnae

316 4733 420 4789 erunt
442 4724 634 4790 multarum
658 4749 798 4808 rerum,
832 4726 1060 4813 negociorum
1082 4740 1115 4794 et
1143 4728 1309 4796 volunta-

315 4837 391 4891 tum
414 4824 672 4892 conversiones.
729 4823 827 4895 lnter
849 4822 912 4894 has
937 4843 1055 4897 tamen
1079 4825 1176 4897 Dens
1200 4822 1309 4900 σώσει

316 4920 513 5019 ἐκκλησίαν
543 4921 841 5018 κεχαριτωμέαηα
871 4923 934 4999 διὰ
955 4925 1023 5000 τὸν
1048 4926 1217 5023 χριστὸν.
1269 4931 1307 5002 Si

315 5049 411 5096 nunc
433 5030 477 5097 ab
501 5029 675 5118 ergastulo
702 5052 781 5096 meo
805 5029 924 5099 abesse
943 5028 1032 5097 mihi
1049 5032 1186 5116 liceret,
1205 5031 1250 5101 ad
1274 5046 1307 5101 te

1709 4050 1777 4096 sno
1803 4023 2014 4108 carissimo,

1317 4190 1322 4201 ⁸
1362 4154 1405 4246 S.
1429 4175 1472 4246 D.
1526 4176 1607 4247 Scio
1627 4190 1662 4247 et
1675 4176 1836 4266 experior
1851 4175 2010 4267 quotidie
2023 4199 2156 4245 verum
2174 4201 2252 4262 esse,
2266 4180 2360 4271 quod

1363 4280 1509 4350 dicitur:
1537 4280 1673 4349 οἰκεῖον
1688 4273 1810 4364 niciae.
1861 4276 1931 4347 Sed
1951 4278 2070 4347 iudico
2090 4281 2204 4349 etiam
2219 4294 2295 4350 tuas
2308 4304 2361 4349 res

1363 4385 1477 4451 adme
1495 4382 1691 4473 pertinere,
1716 4405 1754 4449 ac
1769 4404 1990 4473 nequaqnam
2008 4380 2146 4449 alienas
2164 4408 2251 4457 esse.
2285 4382 2359 4452 Non

1363 4486 1438 4554 dies
1461 4485 1554 4569 abit,
1579 4508 1782 4577 quanquam
1808 4482 2032 4551 mediocriter
2057 4499 2253 4577 occupato,
2281 4486 2360 4578 quin

1363 4600 1399 4657 et
1421 4600 1483 4657 tua
1505 4610 1626 4656 caussa
1647 4585 1889 4674 ingemiscam,
1915 4598 1949 4653 ct
1963 4586 2069 4654 deum
2088 4610 2211 4671 orem,
2238 4602 2280 4657 ut
2300 4587 2358 4656 tibi

1361 4690 1473 4758 leniat
1485 4713 1545 4773 ea,
1569 4714 1657 4780 quae
1672 4688 1831 4773 animum
1854 4700 1954 4755 tuum
1979 4688 2200 4762 excruciant.
2254 4688 2302 4759 Et
2314 4690 2358 4757 le-

1360 4793 1435 4861 niet
1458 4787 1553 4860 haud
1580 4789 1698 4860 dubie.
1752 4785 1889 4878 Aspicit
1912 4789 2006 4855 enim
2028 4790 2186 4877 gemitus
2212 4806 2357 4871 nostros,

1360 4907 1395 4964 et
1411 4888 1592 4963 lachrimis
1608 4890 1738 4961 nostris
1754 4904 1927 4963 movetur.
2023 4944 2033 4959 .

1461 5042 1510 5118 At
1532 5060 1566 5117 te
1588 5069 1791 5129 excurram,
1821 5042 1930 5138 quam
1954 5044 2111 5134 primum
2136 5040 2227 5117 hinc
2250 5050 2355 5119 abibit

314 5130 529 5219 expatiarer,
550 5153 588 5199 ac
611 5126 884 5229 praefationem
911 5123 1204 5200 Grammaticam
1230 5134 1307 5203 istic
1359 5146 1458 5219 Dux
1479 5142 1735 5241 Pru55i00*)‚
1768 5162 1830 5218 aut
1850 5162 1940 5216 certe
1963 5171 2042 5213 cnm
2066 5172 2149 5217 eum
2178 5167 2356 5242 expectare

313 5232 522 5314 scriberem,
554 5235 616 5301 ubi
639 5233 869 5328 tranquillius
893 5246 944 5302 est
961 5232 1075 5302 Musis
1100 5230 1305 5328 hospitium.
1359 5255 1569 5322 desinemus,
1627 5251 1734 5321 Μῑηο
1766 5250 1833 5319 tibi
1867 5265 1901 5319 et
1922 5242 2126 5318 Laterensi
2154 5254 2356 5334 versiculos,

233 5358 235 5363 ·
311 5331 392 5403 Huc
408 5335 543 5425 trepide
557 5338 842 5420 accedunt,cum
857 5350 897 5406 ut
911 5336 950 5404 in
968 5337 1107 5422 castris,
1129 5353 1164 5409 et
1178 5340 1217 5408 in
1232 5339 1305 5408 acie
1357 5370 1461 5449 teque
1478 5379 1560 5439 oro,
1585 5367 1625 5423 ut
1641 5349 1724 5424 huic
1741 5366 1863 5423 nostm
1879 5352 1990 5421 amico
2006 5351 2145 5445 aliquid
2165 5358 2214 5424 ad
2231 5382 2287 5426 me
2301 5358 2358 5427 lit.

310 5448 448 5505 tautum
474 5438 595 5506 Vident
625 5462 697 5506 ⁰⁵⁸2
724 5432 920 5533 θορύβων·
980 5436 1033 5507 AC
1056 5465 1111 5508 ¹¹¹⁰
1138 5442 1209 5510 iam
1230 5464 1303 5511 ¹¹⁰ss
1356 5460 1619 5545 terarum‚des:
1656 5457 1700 5525 de
1732 5469 1909 5525 conventu
1940 5479 2059 5522 coram
2095 5456 2358 5552 colloquemur.

309 5538 425 5607 solum
444 5541 557 5609 aulica
583 5538 791 5611 deliberatio
817 5542 965 5624 retinet,
992 5544 1053 5610 sed
1077 5543 1182 5612 etiam
1199 5538 1302 5614 noii—
1354 5558 1501 5631 Differri
1525 5559 1619 5628 enim
1646 5557 1714 5627 iter
1736 5572 1898 5629 nostrum
1915 5557 2029 5629 video.
2081 5552 2133 5630 Et
2156 5556 2272 5634 Rom,
2297 5560 2360 5661 ἀρ.

307 5663 425 5730 revisa
449 5666 582 5713 novum
609 5641 801 5733 principis,
828 5646 890 5737 qui
907 5643 1083 5735 stipendia
1100 5645 1301 5716 civitatibus

307 5740 498 5812 distribuit.
548 5741 596 5812 Et
612 5741 824 5814 Academiae
842 5747 1026 5817 mandavit
1043 5747 1297 5838 inspectionem

304 5841 425 5912 eorum
440 5845 720 5939 quimittuntur.
773 5846 826 5917 Te
842 5862 959 5918 tamen
978 5842 1048 5918 hnc
1064 5850 1186 5920 venire
1201 5852 1297 5935 nolo,
1385 5868 1416 5941 ³¹)
1437 5870 1598 5940 Vitebergae
1616 5876 1673 5922 ern
1692 5866 1755 5921 Dux
1775 5867 1838 5925 Alb.
1858 5842 1886 5924 d.
1903 5868 1929 5923 8.
1947 5878 1973 5923 et
1991 5870 2016 5925 9.
2039 5870 2147 5927 θεῶν.
