5325 6917
306 619 384 697 848
882 612 1317 692 EPISTOLARUM
1366 617 1472 692 [ΑΒ.
1506 618 1571 695 ΙΧ.
1625 617 1753 699 1645.
2292 618 2362 697 att

309 795 444 869 bibitae
464 806 565 877 sunt,
589 790 715 883 plenae
729 788 859 859 amoris
880 810 961 876 erga
976 811 1033 856 me
1048 786 1122 873 tui,
1147 800 1182 857 et
1195 809 1298 857 verae
1348 790 1579 882 complectare
1593 807 1627 864 tc
1642 816 1740 882 rogo.
1791 790 1889 863 Bene
1909 806 1944 865 et
1964 792 2130 865 feliciter
2148 792 2250 866 vale.
2298 791 2358 865 llic

309 898 448 994 pietatis
470 917 550 984 erga
575 907 722 984 patrem.
773 887 891 959 Hodie
912 890 1074 980 alloquar
1098 903 1194 958 tuam
1211 912 1299 958 con·
1348 892 1384 964 6.
1399 891 1627 985 Septembris.

311 1004 446 1089 iugem,
474 1020 581 1089 quam
594 992 699 1063 audio
714 1004 805 1060 recte
823 991 949 1061 valere.
981 988 1036 1059 De
1051 992 1199 1080 pecunia
1216 992 1298 1059 data
1857 990 2051 1091 Philippus
2071 992 2318 1067 Melanthon,

311 1104 343 1173 ei
372 1101 418 1168 ab
451 1095 663 1166 Academiae
693 1090 887 1180 Quaestore
917 1114 1032 1182 nuper
1063 1092 1129 1159 tibi
1163 1091 1299 1183 scripsi.

308 1201 456 1273 Differri
474 1198 628 1267 reditum
646 1207 746 1263 tuum
767 1188 829 1264 ded
844 1187 914 1285 τὴν
930 1187 1197 1289 φιλοστοργίαν
1218 1214 1299 1281 erga

308 1317 462 1396 patrem,
488 1299 568 1393 quis
584 1320 659 1366 non
676 1295 765 1364 boni
789 1293 1012 1364 consuleret?
1064 1293 1210 1364 Utinam
1237 1317 1301 1362 au-

310 1418 381 1475 tem
396 1402 474 1468 viro
490 1398 643 1490 optimo,
669 1411 731 1465 tuo
748 1396 857 1486 patri,
883 1395 1101 1464 consuetudo
1117 1409 1176 1464 tua
1194 1409 1227 1465 et
1244 1418 1298 1462 se·
1349 1378 1416 1448 ΝΟ·
1434 1378 1545 1455 5261·
2183 1391 2352 1513 Q

1355 1474 1526 1502 Μ

311 1505 443 1574 dulitas
456 1501 590 1593 aliquid
611 1498 689 1590 opis
705 1499 842 1566 adferre
861 1497 980 1587 possit.
1030 1491 1179 1565 Simoni
1193 1490 1300 1565 hodie
1795 1569 1802 1585 ι
1911 1571 1917 1586 Ι

310 1603 464 1674 indicavi
488 1601 730 1682 functionem,
756 1600 815 1667 sed
839 1622 984 1680 vereor,
1019 1609 1052 1664 et
1075 1600 1194 1667 animo
1218 1621 1299 1666 eum
1677 1564 2003 1651 Testimonium.

310 1723 344 1778 ct
364 1727 449 1773 voce
473 1702 706 1772 imbecilliore
729 1723 821 1783 esso,
865 1722 972 1791 quam
992 1712 1032 1767 ut
1057 1698 1094 1766 in
1119 1701 1206 1769 urbe
1228 1699 1299 1766 fre·
1419 1720 1438 1785 †
1458 1716 1495 1770 Ex
1511 1718 1665 1792 apographa
1680 1718 1708 1774 ta
1722 1720 1784 1776 eoa.
1798 1721 1910 1779 Monac.
1923 1724 2247 1797 90.n0.v11.p.86b.

309 1807 452 1901 quenti,
498 1828 537 1872 ac
571 1803 702 1894 templo
741 1801 913 1890 ampliore
945 1799 1145 1870 concionari
1178 1799 1300 1891 possit.
1347 1799 1361 1816 ⁴
1449 1871 1456 1889 ‚
1550 1874 1557 1890 .
1701 1878 1709 1892 .
1861 1878 1868 1896 ι
1973 1881 1979 1897 .
2111 1883 2120 1900 ι
2152 1882 2161 1900 ι

308 1908 417 1996 Vulgi
434 1905 564 1974 iudicia
582 1918 616 1972 et
630 1926 731 1971 aures
746 1902 857 1970 nosti:
884 1902 980 1993 quod
995 1900 1089 1970 utin
1107 1898 1298 1970 monteSi-
1348 1868 1617 1945 Tfflmwnmm
1643 1871 1885 1966 Flfcdm,
1917 1876 2180 1971 arithmetica,
2210 1880 2348 1962 ΡΙι.Μ.

308 2034 354 2078 na
385 2006 534 2078 assiduis
562 2005 760 2094 fragoribus
783 2001 934 2071 tonitrui
960 2001 1298 2094 excitandrrmerat,
1350 1998 1580 2114 Aliquandiu
1612 2024 1652 2091 in
1685 2020 1878 2095 Academia
1910 2042 2031 2100 nostra
2056 2024 2271 2104 Iohannes
2288 2028 2345 2103 Fi.

308 2111 357 2180 ita
380 2132 474 2177 nunc
496 2130 637 2198 quoque
653 2129 740 2173 sono
760 2104 886 2193 grandi
900 2103 1131 2187 c⁰n⁶i0¹¹um2
1155 2106 1216 2172 Sed
1237 2126 1299 2171 VC·
1348 2114 1497 2190 scherus
1507 2115 1545 2217 ¹⁵)
1573 2120 1887 2215 Schnebergensis,
1926 2126 2194 2204 arithmeticen
2222 2132 2345 2207 schola-

308 2235 446 2291 rarum,
481 2207 827 2296 expergeffltlessdssm
856 2218 917 2276 ²⁵1·
975 2202 1090 2273 Deum
1116 2229 1200 2274 V⁰r⁰
1224 2228 1298 2287 ⁰r0‚
1349 2223 1443 2291 sticis
1467 2226 1634 2311 tradidit,
1660 2241 1694 2297 et
1722 2230 1974 2319 comperimus,
2000 2257 2088 2302 eum
2112 2260 2199 2305 non
2221 2252 2345 2309 tautum

220 2309 227 2326 '
308 2325 344 2381 et
364 2324 405 2379 ut
428 2307 543 2377 mittat
561 2309 598 2375 in
614 2332 762 2376 messem
780 2330 879 2375 suam
895 2298 1053 2402 ἐργάτας
1073 2307 1239 2390 filonem,
1265 2318 1299 2373 θῑ
1349 2325 1507 2413 vulgaria
1530 2327 1615 2395 artis
1638 2344 1819 2419 praecepta
1844 2345 1981 2414 tenere,
2008 2338 2216 2409 sedetiam
2239 2343 2344 2411 erudi·

308 2425 341 2480 et
355 2405 439 2479 huic
453 2404 601 2477 Simoni
618 2424 740 2479 nostro
763 2407 915 2499 aliquem
933 2422 1104 2478 monstret
1121 2409 1297 2476 nidulum.
1349 2424 1457 2494 fiores
1479 2427 1553 2496 vias
1573 2451 1699 2517 magna
1724 2432 1899 2503 celerum
1922 2434 2114 2525 explicare,
2173 2437 2342 2512 Etmom

306 2510 404 2581 Bene
418 2513 506 2583 ‘'³¹⁰-
532 2505 567 2578 4·
582 2510 640 2579 dle
656 2509 832 2601 sepiemb·
846 2503 994 2600 (1545.)
1008 2500 1046 2600 *l
1350 2526 1424 2595 eius
1447 2542 1530 2598 sunt
1553 2524 1704 2602 honesti.
1764 2529 1854 2601 Cum
1877 2548 1992 2604 autem
2017 2562 2186 2629 magnus
2208 2545 2252 2614 sit
2266 2567 2341 2615 mue

407 2660 588 2730 psalmum
610 2674 711 2729 ,uum
736 2651 980 2743 franciscus,
1012 2651 1158 2729 Paulus
1179 2672 1214 2730 e,
1234 2684 1297 2751 ,go
1348 2623 1583 2700 arithmetices
1599 2655 1679 2701 cum
1693 2631 1733 2699 in
1748 2634 1869 2704 multis
1882 2636 1976 2705 vitae
1990 2641 2178 2729 negotiis,
2204 2658 2277 2715 tum
2290 2670 2344 2715 ve-

356 2784 484 2851 magna
502 2787 583 2831 eum
599 2760 778 2852 voluptate
794 2760 953 2848 legimus·
1349 2752 1389 2798 ro
1412 2730 1450 2797 in
1472 2732 1619 2826 reliquis
1639 2733 1774 2803 artibus
1795 2736 2053 2827 percipiendis,
2087 2768 2251 2836 quarum
2271 2743 2343 2820 baec

1350 2832 1449 2925 quasi
1463 2833 1568 2903 ianua
1585 2834 1655 2903 dici
1679 2848 1806 2924 potest:
1832 2844 2041 2910 commendo
2062 2837 2172 2916 hunc
2188 2846 2345 2921 arithme-

818 2907 1005 3004 philil‘lms
1022 2910 1248 2988 Melanllffln·
1349 2936 1458 3003 ticum
1478 2936 1644 3006 ommbus
1667 2936 1771 3004 bonis
1795 2938 1897 3024 viris,
1925 2942 1987 3033 qui
2008 2946 2345 3033 gubernantstudia

1349 3035 1552 3121 literarum,
1578 3049 1613 3104 et
1630 3050 1774 3127 propter
1789 3036 1906 3110 Deum
1921 3066 2005 3129 oro,
2032 3060 2077 3117 ut
2096 3049 2177 3121 sint
2197 3048 2346 3126 hortato-

1349 3158 1404 3204 res
1422 3137 1494 3205 suis
1516 3132 1750 3223 scholasticis,
1771 3155 1813 3210 ut
1825 3142 1961 3215 discant
1980 3160 2016 3215 et
2031 3168 2174 3224 ament
2185 3154 2347 3229 arithme-

1349 3238 1460 3322 ticen,
1485 3251 1518 3305 et
1540 3232 1648 3307 huius
1669 3241 1811 3312 artificis
1824 3265 1930 3334 opera
1945 3259 2111 3325 utantur.
2170 3254 2275 3330 Plato
2297 3262 2348 3330 in·

1348 3338 1444 3430 quit,
1469 3361 1526 3407 res
1545 3340 1665 3409 faciles
1687 3364 1760 3410 esse
1784 3338 1846 3411 has
1860 3358 1970 3432 artes,
1996 3374 2094 3442 quae
2113 3352 2345 3431 Mathemati.

1350 3464 1409 3509 cae
1423 3454 1613 3525 vocantur,
1635 3442 1665 3509 si
1681 3455 1798 3511 tamen
1817 3441 2030 3519 adhibeatur
2044 3456 2201 3540 artifex,
2217 3463 2277 3553 qui
2292 3487 2345 3533 ees

1349 3542 1488 3610 tradere
1512 3541 1638 3633 possit.
1679 3541 1917 3634 Experientur
1932 3564 2052 3621 autern
2071 3560 2247 3648 studiosi,
2272 3589 2345 3633 ma-

374 3644 397 3715 †
416 3644 453 3697 Ex
472 3660 566 3715 apogr.
587 3639 617 3695 in
635 3641 698 3699 cod.
717 3643 801 3697 Paria.
821 3643 856 3698 D.
875 3643 905 3698 L.
923 3645 983 3700 54⁵.
1348 3666 1453 3732 gnam
1471 3664 1543 3711 esse
1560 3643 1800 3714 dexteritatem
1818 3642 1924 3718 buius
1938 3644 2162 3746 Iohannis,
2189 3676 2224 3734 et
2238 3661 2346 3736 atitb.

1282 3808 1289 3826 ,
1347 3745 1493 3814 meticae
1515 3745 1636 3829 initia,
1670 3745 1740 3813 nisi
1760 3746 1799 3813 in
1824 3749 1939 3838 prima
1962 3756 2211 3833 adolescentia
2230 3792 2346 3859 perce-

304 3798 530 3877 Clurissimo
545 3797 640 3885 ciro,
667 3796 869 3871 eruditione
890 3809 921 3870 et
939 3800 1067 3872 virtute
1077 3814 1297 3923 preestuntr,
1348 3858 1407 3937 pm
1431 3858 1530 3931 sun„
1562 3858 1681 3937 postea
1711 3870 1732 3915 a
1753 3851 2004 3938 grandioribus
2025 3857 2246 3936 infoeliciter
2269 3884 2345 3938 ten·

304 3903 358 3974 D.
392 3904 663 3974 Hermanno
694 3898 879 3988 Bonno,
910 3904 1134 3999 gubernanti
1168 3906 1296 3980 Eccle-

303 4007 402 4077 siam
416 4001 495 4073 Dei
515 4002 555 4070 in
572 4000 657 4070 urbe
673 3996 841 4084 Lubecae,
868 4006 987 4074 amico
1008 4031 1075 4076 suo
1094 4009 1295 4081 carissimo.

1129 3148 1286 3159 «κυι-

304 3302 372 3373 Νο.
390 3300 502 3372 8260.
1126 3309 1297 3428 Q

313 3393 483 3426 m

636 3482 780 3566 Herm.
811 3481 976 3574 Bonno.

1347 3959 1477 4017 tantur.
1516 3946 1599 4017 ldeo
1615 3948 1702 4017 boni
1717 3952 1966 4038 gubernatores
1981 3956 2185 4036 iuventutis
2200 3971 2249 4038 ad
2261 3965 2346 4040 baec

1347 4049 1432 4118 artis
1456 4048 1557 4119 initia
1581 4050 1650 4120 cito
1671 4051 1943 4156 adolescentiam
1957 4065 2202 4153 transferant,
2224 4086 2258 4142 et
2279 4068 2341 4141 boc

303 4135 349 4227 S,
375 4155 420 4228 1),
471 4148 605 4222 Eadem
629 4144 717 4218 hora
739 4153 827 4220 duas
850 4156 894 4223 ad
920 4168 953 4224 te
977 4157 1140 4246 epistolas
1161 4161 1295 4251 scripsi,
1346 4151 1447 4242 quasi
1464 4153 1549 4221 ludo
1564 4164 1684 4234 tenera
1700 4153 1840 4242 ingenia
1857 4164 2061 4249 praeparari
2080 4187 2227 4247 curent.
2275 4172 2342 4243 Nec

304 4259 365 4329 ,ed
391 4254 604 4345 argumentis
627 4252 844 4339 vulgaribus.
895 4253 1114 4328 Commendo
1138 4264 1232 4329 enim
1256 4264 1294 4332 in
1346 4252 1491 4335 dubito,
1517 4254 1549 4320 ei
1572 4254 1665 4343 ipsos
1682 4249 1924 4343 scholasticos,
1947 4262 2012 4331 ubi
2034 4282 2136 4337 aetas
2161 4275 2270 4346 addet
2289 4276 2340 4345 iu·

304 4361 411 4430 altera
428 4358 606 4450 quendam
620 4351 927 4444 Naoburgensem,
949 4359 988 4426 in
1000 4353 1067 4428 boc
1083 4358 1294 4433 vetoMau.
1346 4353 1499 4437 dicium,
1525 4377 1588 4444 pro
1610 4350 1678 4423 hoc
1698 4378 1825 4445 magno
1853 4359 2021 4434 beneficio
2045 4371 2190 4456 gratias
2210 4391 2338 4446 acturos

189 4483 191 4488 ·
307 4459 448 4542 ritium,
470 4470 591 4526 natum
606 4454 787 4535 Lubecae,
814 4458 870 4526 cui
886 4454 1120 4532 honorificum
1137 4466 1295 4536 testimo·
1346 4476 1431 4525 esse·
1482 4453 1556 4524 NOS
1571 4457 1715 4547 quidem
1740 4460 1855 4545 dmi,
1881 4462 1983 4533 ”filia
1997 4485 2210 4545 monstrare
2228 4478 2337 4549 adole·

305 4559 404 4627 nium
436 4554 475 4628 V
474 4557 548 4625 itus
569 4555 837 4647 Noribergensis
858 4560 999 4647 tribuit,
1031 4565 1128 4654 quod
1160 4566 1293 4637 inserui
1345 4556 1516 4641 semilae,
1542 4557 1709 4628 UlDeum
1734 4573 1932 4643 &demuma
1958 4581 2099 4657 patrem
2117 4575 2335 4649 dominino-

304 4656 387 4729 huic
404 4657 581 4748 epistolae,
632 4656 779 4728 Necesse
798 4675 865 4744 est,
889 4686 955 4731 nos
971 4665 1294 4755 propteriuventu.
1345 4658 1409 4726 Slrl
1433 4656 1513 4728 lesu
1527 4654 1680 4743 cinisii,
1706 4685 1822 4745 orare,
1849 4679 1888 4733 ul
1905 4668 1962 4736 (lei
1978 4665 2167 4747 Ecclesiae
2182 4703 2267 4751 suae
2277 4684 2334 4752 ll)-

304 4778 392 4843 tem,
416 4771 456 4827 ut
473 4757 608 4825 aditum
627 4759 668 4824 ad
692 4761 847 4830 seniores
863 4758 1006 4848 habeat,
1031 4760 1099 4835 hoc
1113 4791 1222 4857 genus
1247 4771 1295 4838 li..
1336 4759 1389 4827 'lla
1415 4761 1556 4850 lllgt‘nla
1578 4784 1687 4852 edqlle
1712 4778 1825 4861 flgiti,
1852 4778 1886 4834 el
1909 4762 2056 4841 honesta
2070 4781 2197 4849 studia
2214 4783 2333 4853 (locifl-

305 4878 459 4934 terarum
473 4857 635 4926 scribere.
687 4857 757 4926 Sed
774 4862 877 4950 longe
900 4867 1022 4934 malim
1038 4881 1151 4938 tecum
1167 4872 1209 4939 ‹lc
1225 4896 1293 4940 no·
1344 4862 1599 4932 naeexustllfll·
1649 4860 1746 4932 Bene
1769 4865 1898 4949 valete,
1923 4870 2079 4945 leelOreS·
2121 4877 2208 4963 ¹Die
2225 4886 2260 4959 7.
2278 4884 2333 4956 se

305 4964 387 5033 stris
411 4960 555 5042 studiis,
587 4959 630 5024 de
653 4952 830 5029 Ecclesiae
861 4965 1039 5048 doctrina,
1075 4973 1118 5037 de
1149 4971 1291 5060 optimis
1342 4964 1492 5051 Plembr·
1512 4960 1620 5035 1545·

305 5066 454 5144 artibus,
477 5085 565 5152 quae
581 5058 694 5126 literis
710 5060 894 5129 doctorum
910 5067 1154 5152 continentur,
1181 5073 1291 5141 collo-

261 5183 275 5196 ·
306 5164 380 5258 qui.
429 5161 503 5230 Nec
520 5163 678 5231 deessent
691 5175 915 5249 argumenta,
933 5166 1120 5258 dequibus
1137 5174 1290 5261 profecto
1344 5232 1597 5248 .........--

305 5266 459 5336 libenter
474 5262 714 5331 etiamcoram
734 5275 849 5332 tecum
871 5270 1147 5345 commendarer.
1199 5271 1246 5345 Et
1262 5277 1291 5344 si

305 5361 397 5436 mibi
414 5363 535 5433 licebit
552 5364 596 5431 ad
612 5363 720 5432 filiam
741 5366 779 5430 in
795 5362 973 5435 Prussiam
989 5371 1178 5460 proficisci,
1202 5389 1235 5446 te
1253 5378 1291 5446 in
1343 5390 1410 5464 No,
1429 5395 1541 5469 δᾳσὶ,
2183 5431 2217 5488 7,
2234 5421 2329 5501 &pm
2381 5431 2384 5446 ·

307 5495 348 5540 eo
370 5466 496 5536 itinere
521 5463 691 5558 alloquar.
748 5462 852 5534 Nunc
881 5481 920 5537 ut
946 5465 1042 5540 hunc
1063 5470 1290 5548 Mauritium
1349 5488 1522 5517 ’Ν
1587 5540 1593 5548 .
2162 5512 2326 5543 *⁶⁸⁴

2114 5257 2332 5271 w

305 5652 512 5666 ---
641 5642 655 5655 ·
1673 5613 1999 5705 Testimonium.

336 5755 367 5823 a)
386 5757 476 5812 Daue.
492 5757 560 5813 bane
573 5773 616 5827 ep.
633 5753 717 5809 refert
731 5757 764 5811 ad
778 5776 880 5815 annum
896 5762 991 5834 1544„
1007 5767 1100 5824 nescio
1113 5788 1147 5825 an
1161 5781 1244 5829 recte.
1412 5779 1431 5843 †
1450 5775 1488 5829 Er
1506 5780 1659 5853 apographo
1677 5783 1705 5838 in
1724 5787 1788 5841 cod.
1800 5787 1911 5847 Monac.
1927 5791 1972 5848 88.
1991 5813 2039 5851 ιιο.
2057 5796 2110 5856 lV.
2130 5783 2158 5875 p,
2174 5804 2240 5862 ω,
