5325 6917
232 4618 235 4625 a
351 4570 500 4659 coniuge
519 4584 553 4641 et
568 4585 641 4640 tota
656 4568 814 4643 Ecclesia
829 4576 1030 4645 domestica.

266 800 272 809 ι
329 715 404 795 855
556 786 558 790 ,
923 709 1362 788 EPISTOLARUM
1420 712 1527 791 LlB.
1552 712 1617 784 IX.
1669 711 1803 790 1545.
1851 780 1855 787 .
2307 709 2387 788 856

341 889 409 961 Νο.
424 887 539 960 8274.
594 920 601 941 ··
1130 891 1206 972 (hoc
1219 888 1331 972 temp.)
1376 876 1590 954 Reverendo
1618 884 1714 971 viro,
1738 879 1941 954 eruditione
1965 892 1996 952 et
2019 883 2149 953 uirtute
2161 884 2384 980 praestanti,

344 966 588 1021 Μ’
1082 1048 1088 1064 ,
1143 981 1317 1008 “’“““
1378 977 2386 1078 D.IucoboProbesto¹),PastoriEcclesioeDci

613 1085 763 1172 Ioach,
789 1079 1052 1168 Camerario,
1380 1086 1419 1155 in
1444 1086 1530 1155 urbe
1556 1083 1770 1170 Bremensi,
1796 1084 1917 1157 amico
1942 1111 2010 1157 suo
2036 1086 2146 1158 ueteri
2172 1094 2205 1156 et
2238 1080 2383 1158 choris·

405 1247 489 1319 epra.
505 1251 537 1303 aa
550 1248 691 1301 comem.
709 1266 736 1319 p.
751 1247 802 1300 540
815 1266 856 1318 sq.
875 1246 1289 1318 (ea.L0na.ub.1v.p.oea.).
1754 1214 1872 1275 semo,
1897 1184 1937 1258 S·
1961 1185 2018 1265 D.

1329 1396 1336 1413 ‚
1380 1300 1605 1394 Charissime
1627 1322 1672 1399 D.
1699 1324 1843 1411 lacobe,
1886 1322 2085 1395 Meministi
2114 1348 2235 1394 meam
2260 1350 2383 1419 quere-

339 1392 562 1471 Clarissimo
590 1396 667 1467 uiro
692 1396 893 1469 eruditione
917 1409 948 1469 et
977 1397 1106 1469 uirtute
1124 1406 1334 1497 praestante
1380 1427 1469 1505 lam,
1497 1427 1534 1492 in
1558 1452 1647 1519 qua,
1680 1453 1761 1496 cum
1783 1431 1921 1497 adesses
1947 1450 2043 1495 anno
2067 1428 2278 1519 superiore,
2314 1430 2383 1500 dis,

389 1496 639 1570 1⁰⁰⁶h1‘m0
655 1494 776 1572 Cam·
803 1496 894 1575 Pub·
923 1500 1042 1571 “mic‘’
1062 1526 1129 1571 ⁸¹²⁰
1154 1499 1283 1571 615ῗῖ33·
1381 1528 1566 1619 putabam,
1592 1527 1776 1619 Principes
1798 1530 1872 1600 suis
1897 1530 2109 1621 quibusdam
2134 1530 2326 1600 affectibus
2353 1547 2386 1603 et

337 1610 465 1703 S.,D.·
502 1630 579 1703 Etsi
595 1636 739 1705 fratrem
757 1661 876 1705 meum
893 1661 992 1720 amo,
1019 1661 1124 1729 quem
1141 1636 1286 1728 quidem
1302 1651 1336 1704 et
1380 1629 1469 1711 sibi,
1493 1641 1526 1698 et
1543 1626 1728 1716 Ecclesiis,
1755 1654 1930 1702 accersere
1945 1632 2112 1723 pericula.
2171 1629 2214 1699 ld
2236 1631 2312 1700 iam
2332 1656 2385 1703 res

340 1750 415 1804 ate
438 1736 546 1804 amari
571 1762 644 1806 nou
668 1739 814 1821 dubito,
841 1750 959 1805 tamen
982 1731 1172 1828 ne'putato
1196 1762 1251 1806 me
1275 1763 1336 1808 us·
1383 1731 1549 1803 ostendii·
1600 1730 1670 1801 Sed
1697 1757 1839 1803 oremus
1863 1731 1998 1814 Deum,
2023 1747 2064 1803 ul
2087 1745 2208 1803 servet
2228 1746 2266 1803 et
2290 1749 2386 1823 regat

342 1862 447 1932 quam
470 1837 640 1907 libentius
662 1840 838 1909 victurum
864 1864 969 1931 qutun
992 1843 1086 1930 apud
1111 1854 1161 1919 te,
1188 1865 1232 1908 ne
1256 1841 1336 1933 qui·
1382 1829 1672 1902 Ecclesiassuas.·
1717 1834 1910 1919 Videmus,
1936 1832 2241 1905 nosnonhabere
2258 1830 2385 1905 huma·

343 1942 425 2008 dem
447 1943 541 2030 apud
564 1941 727 2024 fratrem,
754 1941 792 2007 in
813 1941 888 2009 solo
915 1942 1049 2030 patrio,
1083 1941 1215 2009 simeo
1240 1942 1337 2010 arbi.
1383 1959 1429 2003 na
1446 1935 1639 2024 praesidia,
1668 1949 1703 2005 et
1721 1951 1837 2007 tamen
1861 1938 1900 2006 in
1924 1937 2059 2026 palitiis
2079 1950 2225 2028 oportet
2241 1940 2384 2013 versari.

341 2042 411 2111 trio
434 2045 532 2110 sedes
548 2044 747 2133 quaerenda
771 2057 871 2112 esset.
922 2041 993 2111 Sed
1009 2043 1047 2110 in
1064 2068 1153 2135 qtrae
1169 2057 1338 2133 tempora,
1384 2034 1457 2104 Has
1490 2061 1631 2131 quoque
1656 2052 1694 2107 ut
1724 2040 1891 2109 defendat
1914 2034 2029 2123 Deus,
2057 2061 2215 2111 oremus.
2279 2038 2384 2126 Quod

343 2157 377 2211 et
393 2145 555 2232 negocia,
581 2143 638 2210 vel
653 2145 770 2233 potius
795 2144 833 2211 in
848 2167 938 2236 quos
953 2145 1082 2215 fluctus
1097 2145 1338 2229 inciderimus,
1384 2137 1537 2208 Senatus
1564 2154 1676 2209 vester
1700 2140 1756 2210 ius
1777 2141 2017 2212 constituendi
2031 2143 2238 2211 sacerdotes
2256 2163 2277 2208 a
2294 2139 2385 2211 Pon·

342 2246 453 2316 vides,
512 2242 603 2312 Fero
630 2244 740 2333 igitur
762 2245 924 2329 exilium,
964 2241 1124 2338 mihique
1148 2273 1228 2315 cum
1252 2248 1338 2316 alias
1386 2236 1580 2334 tilice²)ad
1595 2264 1631 2309 se
1647 2244 1845 2331 transtulit,
1867 2255 1961 2313 recte
1978 2242 2077 2325 fecit,
2102 2246 2187 2328 sed,
2210 2237 2304 2311 haec
2318 2246 2385 2314 duo

343 2345 602 2415 consolationes
616 2370 789 2437 propono,
805 2362 880 2416 tum
896 2372 978 2416 vero
996 2343 1087 2416 hanc
1102 2350 1339 2440 praecipuam,
1387 2343 1492 2411 etiam
1510 2357 1677 2433 praestet,
1700 2344 1836 2431 videat,
1858 2360 1898 2416 ut
1915 2357 2007 2413 recte
2024 2346 2195 2425 collocet,
2223 2345 2389 2417 videlicet

343 2449 441 2538 quod
469 2447 540 2515 scio
566 2448 605 2514 iu
628 2450 731 2517 terris
752 2450 878 2518 durius
905 2450 1010 2518 etiam
1043 2451 1200 2519 exulasse
1225 2452 1339 2519 filium
1386 2447 1429 2512 ad
1451 2468 1536 2512 usus
1558 2442 1822 2516 Ecclesiasticus
1852 2463 1886 2518 et
1908 2447 2044 2531 studia,
2079 2448 2188 2531 item,
2221 2472 2267 2517 ne
2288 2462 2389 2518 metu

342 2545 422 2620 Dei.
481 2546 571 2616 Nam
593 2574 650 2618 me
673 2552 761 2619 scito
787 2552 932 2619 exilium
958 2574 1102 2630 vocare,
1136 2552 1340 2645 ubicunque
1386 2547 1511 2614 reddat
1536 2541 1604 2614 hoc
1629 2545 1684 2614 ius
1708 2549 1914 2638 pontificiis,
1942 2548 2005 2640 qui
2029 2549 2069 2616 in
2091 2562 2245 2641 quaestu
2271 2551 2389 2620 solent

345 2672 423 2719 sum
445 2650 522 2718 sine
545 2650 616 2720 tuis
630 2653 873 2736 sermonibus,
900 2665 934 2720 et
949 2666 1009 2722 tuo
1026 2666 1227 2743 conspectu.
1278 2651 1340 2722 Me
1386 2643 1473 2715 haec
1490 2647 1568 2715 iura
1584 2642 1725 2721 habere.
1759 2649 1869 2744 Saepe
1886 2653 1956 2721 iam
1972 2672 2094 2720 sumus
2110 2651 2389 2745 experti,quam

344 2752 541 2820 necessaria
566 2753 710 2841 negocia
726 2752 832 2843 Reip.
847 2768 987 2822 nostrae
1002 2755 1242 2839 retinuerunt,
1268 2780 1339 2847 quo
1388 2748 1530 2837 fragiles
1547 2749 1618 2817 sint
1635 2764 1820 2841 potentum
1836 2755 2056 2832 voluntates,
2082 2753 2190 2822 etiam
2214 2754 2257 2821 in
2280 2755 2389 2824 causis

344 2853 466 2923 minus
482 2877 563 2921 mox
582 2854 758 2941 ingressus
775 2855 841 2922 sim
857 2854 924 2922 iter
938 2856 982 2923 ad
999 2849 1213 2930 Ascanium.
1262 2855 1341 2925 Lit-
1387 2850 1500 2922 iustis.
1552 2849 1709 2921 Salutem
1733 2867 1817 2945 opto
1841 2853 1886 2928 D.
1907 2851 2053 2923 Ioanni
2072 2840 2342 2924 Amslerdamo
2360 2870 2390 2926 et

346 2967 440 3022 terae
458 2955 552 3022 enim
570 2956 613 3022 ad
632 2954 749 3022 aulam
764 2955 956 3024 mittendae
979 2972 1080 3027 erant
1097 2953 1341 3031 descholasti-
1387 2949 1431 3023 D.
1447 2949 1598 3022 Consuli
1619 2949 1826 3030 Vasmono,
1877 2956 1974 3027 Bene
1989 2957 2081 3025 vale.
2111 2957 2172 3031 17.
2187 2957 2387 3049 Septembr.

347 3056 415 3137 cis,
430 3055 560 3146 quibus
575 3057 708 3124 dautur
720 3055 911 3147 stipendia:
938 3057 1019 3124 misi
1038 3059 1120 3126 etin
1140 3054 1340 3128 Marchiam
1388 3050 1431 3121 A.
1452 3050 1561 3125 1545.

346 3156 590 3239 tabellarium,
621 3157 683 3248 qui
705 3160 866 3227 nondum
887 3160 1004 3231 rediit.
1062 3158 1186 3230 Postea
1212 3185 1252 3228 ex
1274 3185 1342 3229 no·
1683 3214 1687 3226 .
1900 3153 2089 3254 Philippus
2105 3157 2345 3237 Melanthea.

348 3270 418 3325 stra
435 3257 515 3325 aula
540 3253 715 3352 ἐπέμφθη
730 3254 821 3353 πρὸς
834 3255 931 3351 ἡμᾶς
945 3254 1053 3356 λόγος
1070 3260 1342 3353 συμβουλευτι-

348 3353 412 3434 κὸς
425 3354 613 3453 prenotate
629 3359 668 3428 ἐν
684 3353 784 3429 πόλει
796 3356 1026 3454 ruadind),
1049 3357 1343 3457 παρακελεύομε-
1396 3394 1728 3407 mm·—
1832 3424 1835 3428 .

346 3481 412 3536 νος
420 3459 689 3553 προκαλεῖσθαι
700 3456 892 3552 διαιτητὴν
901 3459 968 3533 τὸν
975 3456 1137 3553 κάρολον
1152 3460 1234 3554 περὶ
1252 3460 1342 3561 ‹loy-
1910 3529 1920 3543 .

347 3552 489 3651 μάτον,
516 3555 599 3651 περὶ
616 3548 677 3629 eiu
699 3557 1003 3655 ἀμφισβητοῦσιν
1027 3559 1118 3654 ἡμῖν
1142 3563 1177 3636 οἱ
1201 3563 1343 3637 duride·
1389 3549 1456 3623 ΝΟ·
1471 3548 1585 3622 3276·
2213 3569 2269 3632 1⁷·
2285 3564 2391 3646 septb.

1400 3645 1568 3673 Μ
2208 3656 2430 3689 m„

348 3683 418 3729 κοι.
471 3656 526 3728 Ex
545 3685 585 3727 eo
609 3661 739 3750 scripto
762 3664 937 3746 intellexi,
960 3691 1030 3756 quo
1046 3669 1209 3755 spectarit
1227 3691 1342 3737 sermo

349 3747 615 3839 Comerstadii,
643 3786 746 3852 quem
769 3758 859 3829 mihi
882 3767 1044 3838 narrasti.
1096 3768 1166 3836 Sed
1183 3766 1267 3837 haec
1284 3794 1344 3836 co·
1697 3748 1749 3836 G.
1779 3751 2088 3845 Buehbolzero.

350 3886 438 3933 ram.
489 3860 579 3930 Nam
598 3864 737 3930 decrevi
763 3866 792 3931 si
807 3878 907 3934 antea
925 3890 998 3933 non
1013 3867 1132 3935 licebit
1149 3894 1343 3953 excurrere,
1545 3911 1641 3966 Manlii
1660 3912 1760 3984 sarug.
1779 3914 1830 3968 884
1847 3936 1890 3988 sq.

349 3977 468 4031 tamen
491 3965 534 4030 ad
560 3960 757 4032 Mercatum
782 3965 872 4035 istuc
898 3967 1028 4039 evenire.
1087 3967 1221 4038 Tecum
1248 3973 1342 4039 enim

348 4066 394 4131 de
410 4078 470 4132 tuo
490 4065 634 4152 negocio
651 4063 750 4157 loqui
768 4068 883 4156 cupi0.
918 4065 1012 4136 Mihi
1031 4069 1171 4140 videtur
1188 4072 1342 4162 primum
1414 4063 1629 4138 Reuerendo
1664 4071 1763 4158 uiro,
1794 4069 1848 4147 D.
1884 4068 2090 4171 Georgio
2117 4076 2371 4152 Buohltol-

349 4164 568 4233 instituenda
592 4187 665 4232 esse
688 4168 810 4256 petitio
834 4167 910 4237 eius
933 4171 1039 4253 iuris,
1070 4185 1111 4241 ut
1133 4188 1277 4257 vocant,
1303 4187 1344 4241 ut
1544 4181 1661 4258 tzor,
1689 4183 1750 4244 etc.
1775 4176 1895 4246 amico
1912 4203 1979 4247 suo
2002 4174 2235 4268 charissimo,

250 4348 254 4355 Ι
349 4279 469 4334 tenere
490 4260 743 4336 haereditatem
770 4270 890 4360 possis.
942 4270 981 4341 Si
1007 4274 1343 4361 tergiversabuutur‚
1390 4286 1433 4375 S
1460 4305 1506 4380 D·
1558 4307 1841 4381 Reverendevi,
1862 4312 2258 4393 ,tamicecharissimeu
2314 4296 2390 4392 Effi'

349 4382 434 4435 tune
449 4368 591 4436 demum
616 4370 659 4435 ad
679 4371 747 4437 alia
766 4372 914 4440 consilia
930 4374 1190 4444 decurrendum
1208 4402 1343 4448 censeo.

349 4466 447 4537 Bene
480 4481 514 4536 et
540 4469 690 4540 feliciter
722 4473 800 4540 vale
825 4498 905 4542 cum
930 4477 1063 4543 suaviss
1097 4491 1130 4546 et
1159 4472 1344 4548 honesti&
1390 4410 1637 4479 snmrltamcae
1657 4415 2074 4506 mcusaeassidenspenc
2094 4434 2207 4490 totam
2228 4439 2389 4515 occupat:

1392 4525 1510 4580 tamen
1536 4512 1617 4579 liliis
1641 4515 1712 4581 tuis
1728 4515 1844 4583 locum
1863 4518 2081 4604 tribuissem,
2108 4523 2138 4590 si
2166 4525 2388 4595 convictores

1393 4613 1462 4681 mei
1479 4637 1551 4681 esse
1566 4614 1770 4687 voluisseut.
1820 4615 1904 4688 Fuit
1921 4636 2037 4691 atatem
2055 4616 2175 4694 Noho
2197 4650 2301 4718 saepe
2317 4652 2389 4696 me-

913 4757 980 4830 Ph.
1000 4764 1009 4778 .
1259 4760 1284 4834 h
1392 4739 1484 4787 cum.
1517 4712 1602 4783 Tibi
1618 4717 1776 4803 gratulor
1790 4741 1809 4785 a
1822 4716 1898 4789 Deo
1915 4720 2006 4791 filios
2021 4724 2174 4801 donatos
2192 4751 2288 4813 esse,
2303 4753 2388 4820 quo-

971 4763 1103 4856 11199ῃὸ
1119 4762 1258 4835 Melam
1285 4818 1294 4838 ⁰
1391 4840 1472 4884 rum
1497 4817 1541 4884 ad
1562 4816 1680 4885 literas
1703 4832 1736 4889 et
1760 4822 1804 4888 ad
1825 4820 1992 4892 virtutem
2017 4828 2154 4917 egregia
2174 4845 2228 4901 est
2243 4830 2388 4900 indoles.

1393 4912 1446 4986 Ae
1469 4939 1570 5007 spero
1586 4916 1702 4988 Deum
1724 4921 1809 5011 ipsis
1831 4924 2036 4995 adfuturum
2061 4953 2151 5016 esse,
2186 4932 2288 5028 iuxta
2309 4957 2387 5024 pro·

1391 5017 1611 5088 missionem:
1640 5018 1832 5093 Generatio
1852 5031 2289 5104 rectorumbenedicetur.
2337 5032 2388 5104 De

1393 5121 1549 5190 carmine
1580 5122 1645 5190 filii
1679 5124 1836 5212 edendo,
1868 5152 1948 5197 cum
1979 5132 2213 5225 typographis
2238 5136 2389 5206 fideliter

1392 5245 1503 5311 agam.

1495 5322 1534 5398 Si
1550 5325 1678 5419 stylum
1697 5327 1735 5396 in
1749 5354 1807 5399 me
1823 5330 1969 5423 stringet
1982 5359 2083 5404 meus
2100 5337 2293 5424 inimicus,
2320 5340 2389 5409 for-

678 5365 771 5448 Iac·
801 5364 1024 5454 Pr⁰b⁶⁸m
1391 5427 1492 5497 tassis
1507 5442 1653 5519 propter
1668 5433 1850 5503 doctrinae
1871 5460 1973 5506 verae
1990 5438 2321 5530 propugnationem
2336 5466 2390 5511 re·

674 5009 872 5022 ——...—

418 5524 438 5585 †
451 5519 602 5660 ¹ljlxzapogr.
615 5523 643 5578 in
659 5526 720 5581 cod.
737 5526 822 5584 Goth.
836 5530 894 5586 188.
907 5550 950 5603 ep.
967 5535 1007 5588 15.
1025 5544 1051 5588 et
1066 5532 1094 5588 in
1108 5535 1171 5592 cod.
1189 5535 1273 5592 Goth.
1286 5539 1344 5595 189.

356 5767 548 5778 ..,-..-
1427 5731 1456 5800 1)
1475 5729 1545 5786 cod.
1558 5730 1642 5790 Goth.
1658 5736 1717 5792 189.
1735 5736 1853 5813 Iacobo,
1874 5740 2010 5812 Proteos.
2025 5746 2127 5802 Brem.

384 5858 414 5926 *)
433 5860 563 5917 orestae.
1423 5815 1453 5885 ²)
1460 5816 1543 5941 fido·
1555 5817 1639 5875 ⁶⁰¹h'
1654 5821 1714 5878 ¹89·
1734 5823 1815 5880 hm
1832 5862 1840 5878 ·
1856 5863 1932 5884 ····
1948 5830 2111 5902 Pmfitt’ot
2130 5842 2218 5907 pulo:
2239 5838 2305 5891 iure
2322 5854 2391 5906 port-
