5325 6917
552 689 706 765 677
1715 670 2584 755 EPISTOLARUM

556 859 762 930 vobis
810 872 1021 929 notae
1079 871 1279 941 sunt,
1349 868 1414 940 et
1458 852 1938 922 narrationem
1985 849 2193 919 nobis
2241 845 2549 930 missam,

556 962 761 1032 fratri
809 957 1129 1029 exhiberi
1160 959 1359 1040 volo,
1407 980 1486 1023 ac
1535 949 1715 1022 mihi
1745 952 2125 1042 significari
2170 948 2347 1043 quid
2380 971 2548 1016 cen-

558 1073 703 1132 seat
736 1062 1088 1150 agendum
1120 1081 1268 1127 esse
1301 1056 1652 1146 deinceps.
1733 1051 2011 1143 Rogavi
2044 1042 2549 1131 Illacedonem,

554 1175 637 1232 nt
685 1162 873 1250 ipse,
938 1160 1063 1251 qui
1117 1159 1373 1226 melius
1431 1154 1829 1245 prospicere
1876 1165 2102 1243 potest
2160 1151 2236 1217 in
2286 1172 2359 1216 re
2423 1149 2547 1218 tali

559 1262 734 1356 quid
785 1262 1169 1340 conducat,
1219 1259 1370 1327 vias
1418 1270 1487 1326 et
1531 1256 1839 1326 rationes
1884 1251 2240 1323 liberandi
2273 1247 2546 1319 Hiero-

564 1359 782 1458 nymi
830 1373 1139 1453 quaerat.
1276 1357 1410 1427 Sed
1464 1357 1709 1435 illum,
1777 1370 1859 1425 ut
1909 1354 2253 1437 arbitror,
2320 1350 2544 1419 multa

563 1463 1003 1555 impediunt,
1062 1465 1244 1554 quae
1293 1484 1443 1528 non
1495 1458 1660 1527 volo
1703 1480 2088 1527 recensere.
2188 1449 2542 1541 Confugio

483 1635 496 1644 ,
564 1565 785 1654 igitur
829 1565 915 1632 ad
965 1563 1159 1630 illam
1224 1575 1537 1631 nostram
1585 1557 1916 1628 usitatam
1965 1553 2545 1637 consolationem,

563 1659 795 1735 Pater
839 1671 901 1731 et
931 1671 1165 1730 mater
1211 1654 1748 1757 dereliquerunt
1781 1680 1929 1743 me,
1978 1652 2361 1726 Dominus
2403 1677 2543 1722 au-

566 1756 706 1838 tern
751 1762 1061 1859 suscepit
1094 1784 1226 1835 me.
1330 1760 1698 1851 Respondi
1737 1761 1825 1829 de
1876 1759 2290 1853 quaestione
2333 1755 2542 1825 nobis

561 1866 965 1961 proposita,
1014 1887 1312 1956 sumque
1345 1863 1642 1932 miratus
1676 1861 2041 1931 audaciam
2073 1882 2362 1947 eorum,
2416 1856 2542 1949 qui

565 1968 1114 2058 Magistratuum
1162 1977 1392 2033 errata
1447 1975 1780 2032 excusant
1831 1975 2193 2053 praetextu
2241 1956 2542 2047 exempli

567 2066 893 2141 Mosaici.
995 2064 1077 2136 Si
1107 2065 1306 2135 ludet
1338 2059 1472 2133 hoc
1510 2065 1727 2133 modo
1760 2062 2168 2154 posteritas,
2218 2059 2392 2153 quid
2425 2058 2541 2127 fu-

565 2184 809 2242 turum
855 2166 1006 2236 est?
1070 2164 1210 2237 Sed
1252 2164 1485 2234 Deum
1529 2188 1696 2249 oro,
1763 2178 1843 2234 ut
1889 2176 2081 2252 regat
2132 2159 2538 2231 docentium

564 2280 870 2353 mentes,
916 2279 986 2335 et
1022 2279 1104 2367 ut
1150 2263 1402 2335 Esaiae
1447 2265 1681 2334 verbis
1729 2278 1925 2348 utar,
1977 2257 2359 2361 σῳραγίσῃ
2402 2254 2540 2330 τὸν

565 2363 807 2463 νόμον
833 2367 916 2439 ἐν
941 2368 1097 2446 τοῖς
1118 2366 1499 2459 μαθηταῖς
1529 2363 1788 2438 αὐτοῦ.

768 2469 984 2540 Mitto
1040 2468 1176 2539 tibi
1237 2466 1756 2537 enarrationem
1813 2463 2070 2554 Quinti
2115 2457 2538 2533 Ethicorum

567 2593 807 2639 veram
838 2582 905 2639 et
930 2592 1080 2638 non
1110 2568 1502 2649 insuavem,
1545 2566 1745 2636 cuius
1775 2565 2148 2636 lectionem
2178 2564 2538 2633 interdum

569 2671 916 2760 voluptati
963 2669 1098 2741 tibi
1137 2692 1283 2738 esse
1329 2665 1656 2757 optarim.
1757 2655 2117 2735 Car-olum
2148 2662 2541 2755 Imperato-

569 2794 722 2843 rem
768 2771 1595 2841 existimant‘venturum
1653 2789 1801 2837 esse
1850 2767 1938 2836 ad
1985 2776 2410 2834 conventum
2459 2762 2538 2830 in

548 2874 749 2954 ‚urbe
787 2868 867 2944 V
863 2868 1272 2963 angionum
1304 2863 1739 2940 inchoatum.
1839 2866 2123 2937 Nollem
2167 2862 2538 2955 pecuniam

569 2968 754 3042 mihi
779 2972 1063 3041 missam
1106 2994 1253 3040 esse
1283 2970 1373 3039 ab
1417 2964 1910 3038 honestissima
1945 2966 2244 3055 coniuge
2274 2960 2541 3034 Hiero-

573 3070 817 3166 nymi,
866 3085 935 3141 et
960 3085 1028 3141 te
1056 3072 1293 3142 decuit
1337 3092 1486 3138 non
1515 3068 1849 3160 accipere.
1950 3064 2145 3135 Bene
2182 3064 2360 3137 vale.
2425 3062 2542 3132 die

574 3178 646 3247 7.
678 3172 1052 3244 Februarii
1078 3163 1178 3265 *).

1643 3264 1958 3359 Philipp.
1990 3261 2443 3339 Melanthon.
2515 3247 2526 3258 ’

570 3613 706 3684 No.
725 3609 951 3686 8186.
2238 3599 2349 3671 10.
2377 3604 2551 3666 Febr.

1196 3787 1277 3872 I.
1340 3785 1469 3875 W
1473 3784 1932 3871 εἰηῖαιιόἰο.

722 3952 799 4007 Ex
835 3958 1046 4021 autogr.
1094 3946 1237 4000 Mel.
1275 3944 1334 3999 in
1371 3944 1497 4000 cod.
1540 3942 1770 3997 Seidleri
1814 3937 2013 3996 Dresd.
2057 3955 2144 4011 ep.
2178 3937 2271 3993 22.
2306 3935 2449 3992 edita
2495 3935 2555 3990 in

789 4013 1221 4090 Wegscheideri
1254 4013 1451 4084 Progr.
1489 4011 1560 4066 ll.
1596 4030 1682 4083 ep.
1705 4013 1792 4065 11.
2099 4048 2110 4053 -

588 4162 1040 4245 Clarissimo
1093 4161 1250 4234 viro
1299 4158 1671 4248 doctrina,
1736 4159 1992 4231 virtute
2053 4166 2117 4228 el
2158 4151 2554 4256 prudentia
2616 4206 2617 4227 2

584 4262 1371 4371 praestantiDomino
1405 4256 1916 4333 Iohanni
1977 4255 2429 4333 Weinla
2464 4280 2556 4342 w,

590 4366 1066 4448 cancellario
1106 4362 1627 4438 Illustrissimi
1670 4359 2045 4457 Principis
2079 4352 2556 4432 Marchionis

1118 4464 1486 4538 Elector-is
1517 4474 1579 4535 el
1610 4463 1844 4535 amico
1866 4484 2030 4532 suu.

588 4587 683 4681 S.
736 4604 828 4678 D.
927 4600 1331 4674 Clarissime
1362 4599 1510 4684 vir,
1558 4598 1702 4667 scio
1735 4619 1881 4682 non
1916 4607 2177 4664 temere
2217 4589 2557 4682 interpel-

592 4710 846 4781 landos
878 4727 1024 4776 esse
1053 4725 1206 4784 eos,
1257 4701 1384 4794 qui
1428 4698 1775 4791 rempubl.
1817 4697 2253 4786 gubernant,
2307 4703 2379 4761 et
2418 4690 2559 4760 Vos

592 4832 917 4899 magnam
958 4805 1217 4876 molem
1250 4801 1693 4890 negotiorum
1723 4799 2065 4869 sustinere
2097 4817 2240 4862 non
2286 4793 2559 4882 ignoro.

598 4912 741 4984 Sed
788 4933 992 5001 spero
1031 4900 1217 4999 mihi,
1251 4900 1530 4971 veniam
1573 4900 1768 4985 dari,
1833 4920 2073 4968 causas
2117 4891 2562 4964 scholasticas

600 5008 1147 5082 commendanti.
1267 5001 1447 5072 Nam
1492 5015 1561 5071 et
1617 4996 1745 5069 hae
1801 5000 1890 5068 ad
1936 4996 2287 5088 rempubl.
2343 4994 2563 5085 perti-

601 5124 795 5181 nent.
909 5110 1249 5182 Sacerdos
1315 5116 1419 5172 est
1479 5101 1556 5169 in
1619 5091 2055 5176 Sollwedel,
2128 5088 2563 5166 Ioachimus

602 5205 877 5295 Planlc,
927 5210 1050 5303 qui
1076 5204 1539 5279 sacerdotium
1570 5225 1775 5271 suum
1811 5197 2163 5287 resignare
2196 5195 2392 5286 cupit
2416 5195 2562 5264 filio

605 5338 770 5387 suae
810 5312 1073 5383 sororis
1099 5301 1229 5378 Ru
1282 5313 1430 5377 erto
1458 5298 1770 5395 Krungc
1800 5294 2387 5379 Soltwedelensi,
2437 5296 2568 5365 do-

604 5431 716 5488 cto
749 5412 1030 5514 homini
1057 5423 1127 5481 et

683 5746 742 5809 ⁹)
780 5742 903 5798 Ali·
941 5757 1131 5797 manus
1159 5740 1457 5794 Februarii
1486 5736 1714 5803 delevit,
1748 5744 1803 5791 et
1835 5731 2147 5807 aduertpsit:
2208 5726 2455 5803 „m
2477 5741 2584 5782 an·

754 5831 829 5868 no
867 5809 1071 5875 taff,
1103 5820 1165 5865 ut
1198 5810 1365 5865 etiam
1400 5806 1740 5865 Camerarius
1774 5800 1964 5859 edidit.
2389 5855 2404 5866 ,

1261 5410 1484 5501 undo,
1535 5406 1661 5501 qui
1691 5399 1999 5475 triennio
2032 5395 2338 5490 praefuit
2364 5392 2572 5466 scho-
2633 5442 2634 5457 ,

2684 671 2895 753 Lm.
2949 673 3075 749 1x.
3182 659 3440 754 1545}
4442 615 4627 771 '673

2654 845 2761 915 lae
2792 845 3358 923 Soltwedelensi.
3461 847 3559 920 Et
3606 867 3880 937 narrat,
3934 879 4098 926 suae
4143 860 4448 933 familiae
4492 867 4627 936 ali-

2654 947 2825 1040 quid
2854 947 3030 1017 iuris
3064 949 3140 1017 in
3178 950 3327 1020 eius
3359 954 3732 1023 sacerdotii
3763 955 4136 1026 collatione
4165 962 4398 1037 fuisse.
4482 966 4623 1038 Sed

2654 1050 2738 1117 de
2786 1048 2940 1117 iure
2985 1045 3172 1117 nihil
3212 1052 3518 1141 disputo.
3634 1052 3792 1123 Hoc
3835 1056 4166 1143 adfirmo,
4213 1056 4624 1159 Rupertum

2650 1162 2940 1241 propter
2988 1150 3258 1241 ingenii
3311 1153 3495 1239 vim,
3562 1156 4032 1226 eruditionem
4095 1174 4165 1230 et
4218 1168 4625 1250 gravitatem

2602 1250 2603 1259 ’
2650 1274 2930 1320 morum
2977 1253 3270 1341 dignum
3306 1276 3488 1338 esse,
3542 1257 3666 1348 qui
3700 1255 3946 1327 Vestra
3978 1264 4394 1333 auctoritate
4426 1267 4621 1337 iuve-

2650 1363 2788 1430 tur,
2823 1376 2903 1421 ac
2932 1354 3191 1443 poterit
3217 1354 3377 1424 usui
3407 1379 3552 1425 esse
3579 1358 3938 1450 aliquanto
3966 1375 4122 1450 post
4150 1362 4225 1430 in
4256 1365 4621 1439 functione

2650 1452 3130 1523 ecclesiastica.
3183 1450 3340 1524 Oro
3370 1456 3607 1545 igitur,
3641 1472 3720 1528 ut
3751 1460 4139 1549 perficiatis,
4170 1478 4251 1534 ut
4282 1463 4619 1539 Illustris-

2646 1552 2809 1621 simi
2848 1551 3202 1646 Principis
3251 1553 3692 1627 Marchionis
3724 1556 4072 1631 Electoris
4116 1576 4243 1638 etc.
4291 1567 4620 1659 benigni-

2646 1666 2784 1723 tate
2846 1657 3271 1724 concedatur
3329 1659 3480 1728 seni
3548 1661 3929 1747 sacerdoti,
3991 1666 4342 1736 avunculo
4399 1664 4614 1741 huius

2644 1747 3003 1861 Ruperti,
3066 1770 3147 1826 ut
3189 1752 3356 1826 huic
3395 1760 3637 1829 iuveni
3690 1762 3994 1852 resignet
4040 1768 4506 1838 sacerdotium
4548 1785 4618 1843 et

2646 1856 3081 1926 adsentiatur
3130 1856 3657 1930 Illustrissimus
3700 1859 4070 1957 Princeps,
4150 1880 4231 1936 ut
4281 1864 4399 1940 hic
4441 1865 4613 1941 Ru-

2642 1965 2886 2049 pertus
2933 1952 3068 2026 hoc
3110 1961 3578 2030 sacerdotium
3620 1975 3875 2035 teneat.
4002 1965 4398 2039 Scriberem
4441 1998 4612 2063 pro-

2642 2057 2892 2140 lixius,
2942 2058 3081 2128 nisi
3118 2083 3474 2150 parcerem
3512 2064 4094 2152 occupationibus
4125 2066 4416 2145 Vestris,
4517 2071 4614 2144 Et

2642 2182 2803 2227 cum
2841 2158 2988 2227 Vos
3034 2161 3169 2250 ipsi
3199 2153 3614 2256 Rupes-tum
3660 2164 4032 2251 videbitis,
4082 2184 4372 2260 propter
4418 2172 4616 2262 inge·
4736 2163 4753 2176 ’

2642 2261 2846 2328 nium
2875 2259 3025 2329 eius
3053 2261 3358 2333 libenter
3389 2288 3550 2334 eum
3584 2265 4033 2341 adiuvabitis.
4149 2267 4343 2341 Bene
4374 2274 4616 2346 valete.

2640 2357 2775 2429 Die
2802 2358 2894 2433 X.
2926 2359 3136 2436 Febr.
3174 2352 3393 2438 1545ss

3636 2464 4015 2560 Philippus
4067 2468 4518 2547 Melanthon.

2638 2776 2775 2850 No.
2807 2776 3034 2849 8187.
4297 2808 4327 2866 1
4347 2806 4406 2866 3.
4443 2802 4612 2864 Febr.

4287 2888 4627 2918 Μ

3207 2975 3325 3065 Α.
3389 2978 4066 3072 Lauta-bachio.

2752 3209 2761 3216 .
2819 3146 2864 3211 ᾗ
2899 3142 2974 3197 Er
3000 3161 3187 3217 apogr.
3224 3146 3282 3201 in
3314 3146 3440 3202 cod.
3475 3146 3643 3205 Goth.
3680 3152 3799 3211 190.
3838 3174 3890 3226 p.
3931 3158 4048 3212 11⁵.

2722 3296 2907 3373 Dm.
2952 3294 3364 3374 Antonio
3412 3298 4056 3399 Lauterbach,
4106 3310 4554 3395 PasaEch

3472 3399 3808 3485 Pir-nens.

2654 3515 2743 3607 S.
2794 3534 2884 3611 D.
2988 3533 3133 3604 Nec
3165 3558 3291 3624 ego
3320 3536 3541 3605 ullam
3584 3562 3732 3607 rem
3778 3540 3990 3612 aliam
4026 3547 4389 3623 ardentius
4433 3572 4620 3649 opto,

2658 3662 2870 3733 quam
2898 3650 2981 3708 ut
3021 3659 3182 3707 vere
3211 3636 3580 3709 invocetur
3611 3636 3804 3709 Deus
3847 3656 3913 3712 et
3961 3645 4351 3723 celebretur
4395 3658 4625 3728 domi-

2616 3812 2617 3834 *
2658 3761 2794 3810 nus
2850 3751 3091 3808 noster
3151 3732 3347 3807 Iesus
3394 3734 3717 3809 Christus
3765 3754 3836 3810 et
3880 3745 4200 3818 doctrina
4247 3748 4620 3848 Evangelii

2616 3856 2617 3928 j
2658 3863 2836 3933 pura
2869 3840 3010 3909 late
3053 3851 3510 3929 propagetur,
3563 3854 3631 3910 et
3664 3855 3981 3912 servetur
4024 3849 4113 3914 ad
4158 3874 4442 3924 omnem
4491 3885 4618 3950 po-

2658 3941 3074 4021 steritatem,
3134 3938 3327 4028 quod
3373 3950 3453 4005 ut
3498 3937 3617 4008 fiat
3656 3940 3965 4028 felicius,
4029 3948 4237 4018 etiam
4287 3969 4488 4044 opto,
4541 3975 4621 4032 ut

2658 4039 2850 4112 Deus
2895 4036 3301 4130 principum
3345 4060 3424 4105 ac
3469 4038 3840 4110 doctorum
3887 4061 4151 4118 mentes
4194 4070 4408 4143 regat.
4508 4057 4621 4133 Ex

2658 4142 2892 4213 animo
2921 4138 3168 4215 laetor,
3205 4132 3476 4206 Ducem
3503 4134 3959 4212 Maur-ilium
3991 4160 4133 4218 tam
4165 4151 4439 4225 illustre
4467 4182 4626 4249 spe..

2658 4244 2887 4313 cimen
2942 4238 3275 4331 praebere
3319 4237 3456 4327 pii,
3536 4239 3703 4311 iusti
3747 4260 3815 4316 et
3857 4249 4201 4320 moderati
4257 4256 4618 4348 principis.

2658 4342 2924 4432 Magno
2968 4337 3318 4431 praesidio
3365 4339 3684 4410 futurum
3730 4367 3932 4435 spero
3980 4362 4046 4416 et
4085 4347 4509 4426 Germaniae
4552 4376 4621 4431 et

2658 4440 3007 4513 Ecclesiae
3037 4437 3195 4524 Dei,
3235 4462 3452 4532 quare
3480 4436 3709 4510 Deum
3746 4469 4129 4534 precemur,
4176 4465 4255 4520 ut
4285 4478 4443 4524 eum
4475 4484 4623 4530 ser-

2658 4558 2777 4614 vet
2812 4555 2882 4612 et
2913 4553 3252 4633 perpetuo
3282 4542 3645 4629 gubernet.

2859 4642 2966 4713 De
3013 4656 3364 4711 conventu
3406 4641 3483 4709 in
3522 4643 3700 4712 urbe
3744 4640 3833 4714 V
3820 4646 4222 4739 angionum
4259 4668 4325 4725 et
4359 4661 4446 4727 de
4489 4659 4623 4754 Sy.

2658 4744 2853 4813 nodo
2897 4741 3324 4812 Tridentina
3371 4765 3563 4811 nunc
3608 4745 3967 4816 silentium
4017 4765 4141 4825 est.
4240 4750 4619 4836 Lutherus
4668 4751 4683 4763 ⁸

2659 4847 2961 4915 adornat
3000 4841 3375 4932 scriptum,
3440 4867 3581 4935 quo
3637 4846 3892 4917 refutat
3931 4845 4322 4938 Epistolam
4367 4858 4647 4932 Ponti--

2660 4947 2890 5016 ficiam
2934 4945 3021 5014 ad
3067 4940 3402 5013 Carolum
3450 4945 3733 5014 missam
3761 4939 3858 5041 ¹¹¹‘).
3971 4948 4165 5023 Bene
4200 4960 4352 5028 vale
4396 4975 4463 5032 et
4510 4986 4622 5033 re-

2661 5048 2911 5119 scribe.
3009 5040 3147 5113 Die
3181 5042 3297 5116 18.
3328 5041 3724 5115 Februarii.

2866 5246 3183 5319 Salutem
3212 5258 3378 5335 opto
3408 5227 3586 5314 Dffio
3620 5238 3918 5321 Albino.
4234 5156 4312 5227 P·
4353 5159 4459 5235 Μ’

2746 5518 2807 5590 *³
2823 5513 3579 5655 ἒθὶῑέῗῖνῖιᾞῗῗὴὸῗ
3607 5515 4644 5727 οἳτῑξὲ..ῐὲὲιέ.“.2ῑε·.ὲ;.·ῑξτ.;θ;

2824 5657 2948 5778 ξς.
2993 5653 3276 5774 &evigilent
3323 5666 3387 5721 ιιι
3430 5654 3569 5709 mom
3616 5665 3737 5712 οοιιι
3921 5660 3967 5715 el
4007 5663 4220 5783 amittet
4244 5734 4259 5749 .
4289 5686 4416 5728 ann.
4484 5675 4649 5749 m).

2833 5726 3673 5859 3⁰.2‘„¹’„·.„..‘;⁶¹35.2¹;t·t1“.32
3699 5730 3763 5849 τι·
3784 5720 4273 5859 2¹2·:1..·‘.··:s:‚2·::.
4315 5738 4446 5863 4⁰·
4480 5761 4654 5812 κω·

4273 5824 4332 5861 ιιι
4389 5846 4408 5867 .
4426 5809 4515 5868 20.
4538 5812 4653 5874 lan.

3304 5854 3480 5932 43·
