5325 6917
306 723 383 801 809

306 842 479 992 Egregia
494 888 695 965 eruditione
710 882 742 963 αἱ
757 871 891 991 pidute
933 886 1088 979 raedito,
1103 886 1304 985 Magistro

307 993 517 1072 Antonio
541 989 870 1115 Lauterbaolr,
929 1004 1000 1114 ost.
1016 991 1120 1067 Eccl.
1136 990 1304 1065 Birucn-

639 1123 715 1181 srs,
740 1122 861 1168 amico
886 1122 965 1173 suo.
997 1148 1001 1154 -

308 1215 354 1307 S·
371 1233 419 1306 D.
470 1232 618 1325 Semper
645 1228 713 1302 hoc
743 1257 864 1303 meum
893 1232 1082 1303 consilium
1113 1249 1147 1305 et
1180 1234 1303 1305 votum

307 1338 396 1423 tuit,
427 1350 469 1407 ut
492 1359 616 1430 omnes
640 1335 756 1406 nostri
787 1334 965 1427 principes
988 1337 1191 1408 tribuerunt
1217 1335 1305 1421 Deo,

309 1465 399 1535 qnae
420 1437 489 1509 Dei
513 1451 615 1518 sunt,
642 1450 677 1506 et
699 1434 859 1521 Caesari,
886 1461 975 1529 quae
991 1435 1150 1507 Caesaris
1158 1464 1167 1524 ;
1196 1440 1303 1531 idque

307 1543 446 1614 utinam
469 1542 615 1611 tandem
637 1539 750 1608 facere
770 1536 964 1630 incipiant!
1024 1538 1146 1628 Quare
1168 1542 1303 1630 gaudeo

308 1642 445 1715 Ducem
460 1638 690 1711 Mauritium
714 1654 749 1710 et
770 1655 930 1732 expetere
946 1654 980 1710 et
996 1643 1235 1712 mediocribus
1249 1644 1305 1711 of-

307 1747 397 1816 ficiis
421 1746 513 1815 tueri
537 1742 765 1833 Imperatoris
787 1735 924 1813 Caroli
947 1745 1235 1821 ,benevolentiam
1253 1737 1305 1836 *).

309 1846 421 1941 Spero
437 1847 560 1931 etiam,
586 1843 702 1914 Deum
718 1845 767 1913 ita
786 1858 906 1935 pectus
929 1844 1004 1912 eius
1024 1847 1302 1933 gubernaturum

309 1973 401 2035 esse,
426 1963 467 2020 nt
487 1950 567 2041 piae
589 1944 770 2015 doctrinae
792 1946 950 2015 studium
975 1960 1009 2016 et
1034 1972 1154 2016 curam
1178 1945 1303 2017 Eccle-

309 2051 440 2121 siarum
463 2073 539 2119 non
566 2047 791 2137 depositurus
816 2048 873 2119 sit.
932 2042 1078 2116 Iulium
1111 2049 1199 2118 scito
1229 2073 1304 2116 non

309 2153 459 2223 electum
474 2173 547 2221 esse
562 2172 582 2217 a
598 2146 756 2237 Collegio
767 2147 1059 2239 Mersbnrgensi,¹
1072 2152 1143 2219 ¹sed
1160 2144 1304 2218 Latur-

302 2247 482 2352 sum**),
514 2274 619 2344 quem
635 2250 701 2319 etsi
719 2263 771 2319 est
785 2251 922 2321 alienus
937 2275 956 2320 a
969 2252 1089 2321 studio
1103 2248 1302 2342 Evangelii,

307 2369 430 2426 tamen
444 2353 551 2423 audio
568 2354 612 2421 ad
628 2353 920 2441 gubernationem
935 2353 1118 2444 politicam
1134 2354 1303 2424 idoneum

308 2455 490 2528 indicari·
526 2452 645 2542 Quare
667 2476 741 2521 non
762 2455 919 2526 arbitror
941 2455 1073 2525 forent
1088 2455 1163 2524 eius
1178 2456 1303 2526 electio

308 2557 505 2629 aboleatur.
557 2553 629 2626 Sed
647 2554 809 2647 quisquis
822 2554 889 2625 erit
903 2556 954 2625 ibi
978 2570 1038 2627 aut
1052 2557 1139 2626 alibi
1153 2554 1302 2650 Episco-

308 2682 393 2751 pus,
418 2682 484 2727 nos
500 2670 663 2726 nostrum
677 2656 834 2725 officium
848 2656 1035 2743 faciamus,
1054 2660 1221 2730 salutaria
1238 2661 1305 2728 do-

284 2804 288 2809 ·
310 2783 468 2844 ceamus,
494 2771 529 2829 et
551 2781 627 2828 non
642 2771 817 2827 certemus
838 2783 919 2829 cum
935 2759 1145 2829 adversariis
1158 2761 1250 2828 odiis
1270 2772 1305 2827 et

310 2863 514 2947 acerbitate,
536 2862 692 2930 feramus
715 2858 866 2929 iniurias
879 2874 914 2930 et
929 2876 1091 2952 petamus
1105 2884 1125 2928 a
1140 2860 1217 2932 Deo
1233 2855 1305 2928 Ec-

311 2963 434 3033 clesiae
450 2964 704 3035 defensionem.

409 3063 465 3135 De
488 3064 708 3133 adolescente
741 3058 1009 3133 honestissimae
1039 3064 1167 3133 viduae
1195 3063 1305 3132 fratre

309 3157 490 3254 cogitabo3
528 3186 612 3230 nam
637 3163 812 3252 stipendia
841 3166 905 3233 diu
928 3189 1052 3234 vacare
1080 3189 1154 3234 non
1180 3165 1306 3234 solent.

309 3267 381 3337 Sed
396 3266 495 3335 locus
511 3288 576 3355 per
591 3264 807 3332 occasionem
818 3268 1040 3355 quaerendus
1059 3282 1127 3352 est;
1155 3280 1306 3359 etquae·

310 3391 399 3440 ram.
451 3364 550 3435 Bene
565 3365 654 3437 vale.
705 3362 774 3434 Die
790 3363 826 3438 9.
839 3362 1037 3438 Februarii.

877 715 1318 795 urrsronauuu
1372 715 1483 792 aru.
1517 716 1583 797 ne
1636 675 1805 823 ιτα.ι

1351 892 1528 963 luntatern
1541 914 1582 962 ac
1599 889 1822 982 diligentiam
1838 889 1878 960 in
1893 882 1962 959 hoc
1978 912 2106 981 genere
2119 917 2253 980 meam,
2275 897 2345 969 tibi

1350 1009 1472 1083 notam
1488 1016 1562 1062 esse
1579 994 1663 1067 scio.
1715 989 1836 1082 Quare
1854 994 1950 1087 quod
1965 993 2142 1063 existimas
2164 991 2254 1065 mihi
2277 1000 2344 1068 do-

1351 1097 1463 1165 lorem
1478 1096 1605 1165 afferre
1621 1090 1686 1164 has
1701 1118 1840 1186 asperas
1856 1094 2043 1165 conciones
2059 1090 2156 1167 κατὰ
2174 1120 2345 1193 νομοφυ-

1352 1191 1543 1293 λάκων’),
1563 1221 1639 1267 non
1653 1197 1797 1270 falleris.
1837 1193 1955 1267 Multa
1972 1221 2028 1266 me
2042 1212 2201 1271 movent.
2246 1192 2345 1289 Quid

1352 1297 1438 1370 haec
1462 1302 1507 1369 ad
1533 1299 1730 1391 populum?
1782 1298 1900 1388 Quam
1921 1293 1989 1369 hoc
2009 1312 2170 1392 tempore
2189 1324 2265 1370 non
2281 1326 2348 1395 op-
2376 1313 2379 1320 '

1350 1402 1527 1494 portuna?
1552 1426 1632 1470 cum
1654 1404 1774 1491 magni
1789 1416 1905 1473 motus
1921 1402 2127 1493 impendere
2143 1403 2345 1481 videantur.

1350 1503 1434 1574 Non
1464 1504 1663 1593 intelligere
1692 1519 1830 1574 nostras
1869 1528 2055 1573 aerumnas
2093 1505 2346 1592 existimamur,

1350 1602 1414 1677 καὶ
1429 1605 1667 1699 ἐμπαροινεῖν
1681 1609 1759 1687 τοῖς
1775 1599 1973 1686 κινδύνοις.
1996 1604 2093 1696 Quid
2111 1609 2207 1699 qnod
2221 1609 2261 1676 in
2276 1602 2346 1680 boe

1351 1710 1510 1797 negotio,
1536 1732 1582 1776 ne
1606 1730 1746 1778 caussae
1763 1710 1907 1803 quidem
1930 1710 2013 1777 satis
2034 1733 2124 1793 esse,
2151 1724 2186 1779 et
2201 1710 2345 1780 iracun-

1351 1812 1429 1877 diae
1454 1810 1581 1879 serviri
1606 1825 1770 1900 putatur,
1806 1824 1846 1881 ut
1870 1835 1973 1902 saepe
1997 1811 2084 1880 alias
2111 1807 2207 1883 κατὰ
2230 1817 2346 1886 τινῶν

1352 1908 1498 2005 ἑτέρων.
1551 1910 1638 1984 sea
1673 1936 1777 2003 saepe
1806 1911 1863 1983 his
1889 1914 1982 2008 dieb.
2014 1915 2166 2002 cogitavi
2185 1910 2349 1983 Erusmi

1352 2014 1506 2096 dictum,
1522 2014 1604 2107 qui,
1617 2014 1648 2082 si
1663 2016 1807 2106 quando
1821 2014 1960 2085 audivit
1976 2017 2089 2084 bonos
2105 2016 2221 2100 viros,
2242 2039 2346 2087 caus-

1352 2139 1425 2183 sam
1457 2117 1665 2207 probantes,
1699 2118 1981 2185 moderationem
2005 2140 2089 2186 vero
2113 2118 2345 2211 requirentes,
2373 2134 2380 2145 ·

1352 2217 1486 2308 inquit:
1521 2214 1716 2286 Ecclesiam
1738 2214 1796 2286 his
1821 2218 2041 2308 temporibus
2067 2242 2139 2286 non
2164 2219 2345 2288 mitiorem

1350 2318 1527 2388 medicum
1543 2319 1708 2388 meritam
1723 2343 1804 2392 esse.
1857 2318 2025 2389 Feramus
2044 2319 2153 2408 igitur
2175 2334 2210 2391 et
2231 2322 2345 2391 lenia-

1351 2444 1430 2490 mus
1444 2414 1510 2489 hac
1525 2420 1640 2490 sicubi
1658 2444 1855 2512 possumus.
1906 2418 2000 2491 Aula
2015 2422 2129 2491 multa
2143 2429 2263 2514 posset
2275 2422 2345 2491 mi-

1351 2523 1480 2612 tigare,
1507 2547 1615 2615 quae,
1642 2535 1683 2592 ut
1700 2523 1805 2591 estin
1822 2523 1930 2611 veteri
1945 2548 2069 2605 versu,

1436 2636 1515 2720 Σιγᾶ
1527 2634 1603 2716 μὲν,
1623 2634 1761 2717 ἔχθαίρει
1775 2633 1829 2715 dl,
1849 2631 2000 2714 βούλεταί
2010 2659 2043 2720 ys
2054 2634 2127 2716 μὴν.

1351 2735 1422 2806 Sed
1438 2739 1522 2805 nolo
1541 2736 1702 2828 persequi
1719 2733 2041 2827 hocargumentnm
2058 2737 2211 2826 longius.
2238 2730 2346 2807 Chri-

1351 2851 1444 2906 stum
1474 2838 1592 2927 potius
1621 2852 1780 2920 oremus,
1815 2853 1856 2908 ut
1880 2834 1972 2908 hanc
1994 2854 2151 2910 nostram
2174 2841 2346 2934 cymbam,

1351 2936 1476 3029 inqua
1494 2951 1584 3007 certe
1599 2932 1743 3006 vehitur
1758 2935 1933 3021 Ecclesia,
1957 2943 2140 3029 gubernet.
2172 2933 2346 3022 πολλάκις

1352 3033 1393 3111 δὲ
1418 3038 1518 3120 ἔλεξα
1534 3036 1742 3135 φοβεῖσθαι
1757 3063 1804 3129 με
1818 3042 1937 3135 γῆρας
1953 3034 2101 3134 φύσεως
2118 3038 2230 3131 οὔσης
2246 3039 2346 3136 ἄγαν

1353 3139 1569 3233 ε’μπαθοῦς,
1604 3136 1728 3235 ὥσπερ
1751 3135 1972 3233 sipontinae,
2005 3136 2347 3237 ἢφιλοκτήτου,ἢ

1352 3237 1493 3337 μορίου
1509 3243 1700 3336 degredienti
1717 3245 1939 3340 στρατηγοῦ.
1992 3243 2063 3315 Sed
2080 3243 2149 3316 alia
2166 3266 2321 3340 agamus.

1458 3372 1668 3445 Orationem
1687 3400 1756 3469 qua
1772 3369 1937 3445 Latomo
1955 3378 2168 3468 respondes,
2191 3377 2347 3461 remitto,

1355 3504 1395 3549 ea
1410 3480 1504 3568 lege,
1531 3491 1573 3547 ut
1589 3502 1669 3546 mox
1689 3480 1783 3551 edas.
1832 3477 1923 3548 Nam
1941 3478 1970 3546 si
1991 3474 2049 3548 hic
2066 3474 2275 3550 haberemus
2292 3480 2347 3548 ol.

1356 3581 1478 3650 ficinas
1493 3581 1702 3665 instructas,
1727 3579 1845 3649 statim
1868 3580 2091 3652 tradidissem
2107 3575 2347 3677 typographis.

1305 3686 1308 3691 ’
1354 3681 1404 3753 Et
1427 3682 1599 3752 enarrabo
1626 3683 1699 3771 ipse
1730 3684 1769 3750 in
1793 3679 1930 3765 schola,
1972 3697 2013 3753 ut
2034 3682 2137 3753 citius
2160 3683 2346 3758 vendatur.

1198 3862 1205 3876 ‚
1298 3864 1305 3880 ·
1357 3784 1438 3855 Scio
1454 3785 1492 3853 in
1509 3807 1627 3854 caussa
1644 3798 1715 3853 tam
1729 3785 1845 3875 ampla
1862 3788 2004 3855 devera
2021 3782 2089 3856 Dei
2110 3784 2347 3869 invocatione,

592 3991 739 4074 loocb.
770 3989 1032 4077 Gomoario.

377 4148 463 4223 Epist.
476 4149 511 4205 ad
526 4150 665 4205 Camerar.
684 4169 711 4223 p.
723 4150 774 4203 446
787 4169 828 4221 sq.
846 4149 901 4217 (ed.
913 4150 1004 4205 Lond.
1019 4148 1064 4205 lV.
1079 4170 1121 4224 ep.
1134 4151 1217 4219 ars).

314 4276 539 4357 Clarissimo
563 4285 659 4372 viro,
695 4285 825 4357 virtute
849 4297 881 4358 ct
904 4284 1074 4358 doctrino
1095 4290 1309 4388 praestanti

313 4383 555 4461 lonchimo
595 4382 865 4460 Camerario
910 4385 1138 4485 Pubergcusi
1185 4391 1305 4461 amico

702 4517 771 4562 suo
794 4516 920 4562 currss.

312 4616 353 4709 S.
370 4641 417 4715 D.
467 4640 592 4731 Longo
607 4651 765 4733 tempore
784 4639 877 4712 mihi
898 4668 1001 4713 curae
1023 4644 1109 4727 luit,
1134 4643 1303 4713 ordinum

312 4738 350 4811 in
375 4740 567 4814 Academia
593 4745 900 4830 coniunctionem,
925 4771 1032 4837 quam
1048 4761 1081 4816 et
1097 4745 1224 4816 studiis
1240 4770 1305 4814 ne-

313 4847 516 4931 cessariam,
548 4860 584 4915 et
608 4848 654 4915 ad
677 4847 884 4938 disciplinae
907 4848 1209 4918 conservationem
1230 4848 1304 4918 uti·

313 4944 380 5016 lem
403 4971 477 5017 esse
498 4948 681 5031 videbam,
713 4950 816 5019 tueri.
874 4947 1060 5021 lnterdum
1094 4950 1202 5040 igitur
1230 4974 1305 5020 non

314 5045 405 5119 leves
424 5051 572 5119 iniurias
586 5050 825 5136 dissimulavi,
847 5075 886 5119 ac
903 5053 1025 5137 obrui,
1040 5054 1220 5123 interdum
1236 5053 1306 5121 im-

315 5165 412 5240 petus
427 5154 630 5246 aliquorum
647 5152 809 5243 repressi.
846 5149 1010 5246 Denique
1025 5154 1215 5240 indicium,
1241 5181 1314 5225 vo-.

348 5401 375 5472 *)
394 5404 514 5459 Sleidan.
528 5407 557 5459 in
573 5416 721 5460 comment.
736 5406 769 5460 ad
783 5425 848 5460 ann.
864 5407 939 5461 1543.
952 5426 978 5476 p.
991 5407 1050 5459 485.
1065 5406 1143 5460 haece
1162 5407 1303 5472 „baudre-

264 5511 269 5532 .
382 5472 416 5527 sii
432 5475 563 5529 militabat
577 5480 682 5543 (mense
697 5475 771 5542 Oct.)
786 5475 894 5529 Caesari
911 5477 1064 5530 voluntarie
1078 5476 1240 5539 Mauricius,
1252 5497 1305 5560 ‹pra

381 5541 493 5614 quidem
516 5563 545 5595 rc
566 5563 690 5614 magnam
710 5544 760 5597 sibi
781 5543 1004 5599 benevolentiam
1024 5553 1049 5598 et
1069 5544 1171 5598 aditum
1184 5546 1218 5599 ad
1231 5546 1305 5600 illrua

381 5611 741 5733 pmipitipmhcompapa'vitss'
768 5612 812 5668 (ll.
825 5632 895 5685 quae
911 5614 978 5669 Mel.
994 5612 1065 5667 ialra
1088 5613 1125 5681 (d.
1145 5617 1190 5671 20.
1209 5614 1305 5684 Mart.)

406 5699 714 5735 wummmm„

356 5759 402 5830 ⁶¹⁸)
419 5762 485 5846 yid.
501 5762 611 5817 Lutberi
625 5764 702 5885 epist.
721 5755 817 5846 eodem
835 5762 879 5819 die
890 5774 917 5819 et
927 5784 1000 5819 anuo
1013 5740 1141 5837 scriptam
1156 5764 1304 5822 Lauterba·

383 5831 456 5887 ebro.
487 5832 617 5887 Mortuus
648 5842 723 5887 uerat
740 5849 861 5916 episcop.
882 5834 1070 5905 Merseburg„
1089 5833 1305 5906 Sigiamnnduaa

821 5900 830 5917 0

385 5898 522 5970 Endera,
548 5900 592 5958 tie
605 5899 712 5962 veneris
732 5909 795 5974 post
807 5901 971 5962 manete.
984 5904 1068 5960 Dum.
1080 5904 1107 5961 b.
1121 5922 1146 5961 a.

1356 3888 1466 3957 multa
1490 3887 1591 3977 plura
1617 3886 1687 3954 dici
1713 3910 1824 3976 posse.
1883 3886 1953 3958 Sed
1976 3912 2055 3956 cum
2079 3884 2147 3957 hae
2168 3909 2224 3955 res
2242 3886 2346 3957 toties

1356 3990 1519 4079 agitatae,
1553 4003 1588 4059 et
1610 3988 1693 4057 satis
1717 3989 1905 4077 patefactae
1928 3990 2017 4073 sint,
2040 3991 2226 4074 iaciamus,
2248 3990 2346 4083 quod

1354 4093 1479 4161 iubent
1499 4086 1694 4174 Rhetores,
1732 4085 1800 4159 boc
1826 4105 1894 4172 est,
1928 4090 2098 4183 Epilogos
2123 4088 2289 4162 honestos
2311 4101 2346 4158 et

1355 4195 1451 4282 lectu
1465 4195 1662 4278 iucundos,
1687 4217 1754 4262 nos
1769 4194 1911 4285 quidem
1929 4195 2111 4266 addamus.
2151 4192 2241 4264 Nam
2256 4190 2345 4258 alios

1352 4297 1506 4366 aliorum
1535 4295 1692 4387 epilogos
1717 4310 1849 4363 metuo.
1917 4293 2122 4365 Scribamus
2154 4286 2344 4389 ἐπαγωγὰ,

1352 4422 1443 4491 quae
1465 4397 1619 4464 invitent
1641 4394 1864 4464 Iuventutem
1890 4395 1934 4463 ad
1956 4395 2090 4464 litteras
2115 4410 2149 4466 et
2170 4392 2345 4484 cognitio-

1351 4522 1433 4566 nem
1452 4520 1571 4566 rerum
1588 4496 1775 4568 bonarum.
2429 4496 2432 4505 ’

1451 4625 1505 4700 De
1529 4622 1674 4697 Sabino
1697 4628 1846 4717 gratiam
1871 4626 1939 4695 tibi
1962 4620 2095 4713 habeo,
2121 4627 2224 4720 eique
2247 4642 2344 4700 tuam
2373 4703 2376 4710 ,

1352 4730 1551 4823 Epistulam
1573 4729 1724 4804 mittam.
1781 4727 1933 4799 Consilii
1961 4730 2045 4797 dare
2067 4731 2154 4824 quid
2177 4731 2346 4821 possum?

1353 4832 1444 4905 Nam
1467 4856 1581 4904 meam
1601 4826 1866 4924 philosophiam
1889 4830 2014 4924 quanti
2036 4832 2156 4915 faciat,
2183 4855 2261 4902 sum
2284 4857 2345 4902 ex-

1354 4951 1484 5028 pertus.
1537 4933 1653 5006 Simul
1670 4934 1761 5026 illud
1777 4929 1868 5002 mihi
1883 4934 1922 5001 in
1937 4948 2090 5002 mentem
2109 4934 2224 5018 venit,
2240 4934 2344 5006 etiam

1354 5040 1385 5107 si
1410 5064 1471 5124 eo,
1493 5062 1576 5132 .quo
1596 5037 1784 5106 videbatur
1807 5037 1915 5121 velle,
1948 5049 2152 5119 vocaretur,
2184 5054 2346 5106 metuen-

1353 5143 1439 5211 dum
1457 5163 1548 5223 esse,
1574 5163 1618 5207 ne
1640 5137 1774 5207 accidat
1797 5140 1850 5221 ei,
1877 5138 1973 5230 quod
1987 5132 2190 5227 Xenophon
2212 5138 2345 5230 inquit:

1353 5238 1426 5315 adv
1443 5240 1517 5335 ripa
1531 5237 1627 5338 ya'ccr
1640 5225 1756 5311 ibitur
1771 5231 1981 5333 πριάμενος,
2007 5233 2059 5332 μὴ
2075 5232 2261 5309 ἐπίσταιτο
2278 5236 2346 5310 αὐ-

1352 5348 1407 5438 τῷ
1426 5341 1614 5436 χρῆσθαι,
1641 5335 1733 5413 ἀλλὰ
1749 5334 1993 5412 καταπίπτων
2011 5337 2070 5411 ἀπ’
2090 5337 2207 5412 αὐτοῦ
2229 5335 2347 5412 κακὸν

1354 5438 1550 5539 λαμβάνη,
1577 5440 1621 5515 οὐ
1630 5436 1808 5537 χρήματα
1825 5438 1929 5537 αὐτῷ
1946 5439 2047 5513 ἔσται
2063 5438 2083 5515 ὁ
2097 5440 2222 5524 ianoe:
2249 5442 2347 5512 illius

1354 5547 1506 5619 civitatis
1525 5546 1689 5616 voluutas
1715 5538 1940 5636 philosophia
1957 5558 1991 5615 et
2005 5560 2079 5615 arte
2093 5546 2246 5637 quadam
2262 5543 2360 5614 reti-¹

1388 5836 1552 5961 *illium
1565 5833 1768 5892 dimidiarum
1784 5834 1987 5893 ludaeomultis
2005 5836 2039 5889 de
2052 5819 2347 5907 clandestiniabponsa·

1435 5928 1443 5960 r
1464 5926 1505 5960 us.
1896 5941 1899 5946 -

1547 5971 1628 6051 20*
