5325 6917
303 636 377 720 215

304 836 384 884 mus
405 812 466 894 sit,
499 812 796 903 quemadmodum
822 826 854 892 et
878 813 966 901 olim
978 811 1196 882 circumcisio
1208 825 1296 890 erat,

305 914 571 984 benevolentiae
595 939 634 982 ac
658 916 904 1004 promissionis
926 914 1068 984 divinae
1088 914 1229 983 visibile
1245 927 1298 983 te·

306 1016 531 1098 stimonium,
556 1039 618 1083 seu
634 1011 806 1113 σφραγίς.

409 1115 461 1186 Dc
485 1112 724 1189 Ethuieorum
746 1118 942 1189 infantibus
966 1142 1041 1187 rem
1065 1117 1132 1189 tibi
1153 1140 1218 1209 per
1232 1110 1300 1186 At-

308 1214 447 1292 berlum
464 1237 624 1290 nostrum
640 1244 838 1311 proponere
855 1221 933 1289 ideo
951 1221 1066 1300 volui,
1100 1234 1141 1290 ut
1157 1220 1243 1312 quid
1260 1234 1297 1289 tu

305 1321 365 1394 bic
383 1324 513 1392 sentias
530 1324 618 1390 scire
640 1346 798 1412 possem,
830 1346 869 1391 ac
891 1347 930 1390 ex
955 1336 1014 1392 tua
1037 1322 1210 1390 sententia
1235 1323 1301 1389 do-

307 1427 457 1494 ctrinam
492 1449 604 1492 meam
640 1425 783 1491 demum
817 1426 1029 1494 moderarer.
1097 1421 1202 1491 Nunc
1235 1424 1300 1491 etsi

308 1529 403 1594 idem
421 1529 490 1592 iam
507 1548 642 1593 mecum
659 1527 867 1611 cogitaram,
899 1539 974 1594 tum
990 1549 1053 1615 per
1068 1538 1102 1593 te
1117 1524 1220 1593 etiam
1237 1525 1301 1591 ad-

308 1627 465 1696 monitus
488 1621 581 1693 nihil
607 1622 712 1695 huius
736 1627 888 1716 amplius
912 1628 1046 1694 docebo
1056 1618 1111 1720 ⁴¹),
1143 1649 1301 1715 praescr-

309 1730 373 1799 tim
392 1752 471 1796 cum
487 1741 545 1795 tua
561 1740 712 1809 statuas,
745 1751 820 1795 eam
845 1727 1041 1796 doctrinam
1067 1722 1134 1795 hoc
1159 1726 1301 1816 potissi-

272 1897 275 1902 .
308 1855 407 1897 mum
429 1843 603 1917 tempore,
638 1831 780 1899 nonita
805 1830 957 1897 multum
980 1828 1092 1896 facere
1116 1830 1159 1895 ad
1177 1825 1300 1896 Eccle-

311 1931 381 1999 siae
417 1930 716 2010 aedificationem,
756 1929 893 1997 etiamsi
924 1937 1006 1997 vera
1039 1942 1138 2000 esset.
1197 1924 1301 1997 Absit

310 2043 427 2099 autem
444 2024 512 2099 hoc
528 2055 547 2097 a
564 2054 638 2113 me,
660 2031 709 2097 mi
721 2023 904 2119 Philippe‚
938 2044 977 2099 ut
1000 2054 1062 2119 ego
1086 2032 1170 2098 novi
1191 2030 1301 2097 aliru-

310 2131 366 2200 ius
393 2131 565 2219 dogmatis
592 2144 695 2199 autor
715 2154 787 2200 esse
815 2132 938 2211 velim,
976 2134 1070 2223 quod
1098 2130 1300 2221 praesertim

310 2256 407 2301 nuuc
437 2232 619 2321 perturbet
650 2257 794 2323 quoquo
827 2234 932 2301 modo
953 2228 1188 2301 Ecclesiarum
1215 2256 1301 2299 con-

312 2334 491 2415 cordiam,
530 2346 591 2401 aut
620 2334 693 2401 sola
721 2328 877 2401 humana
907 2327 1133 2424 philosophia
1157 2334 1302 2402 nitatur.

312 2433 475 2523 Agnosco
490 2457 604 2513 meam
621 2434 696 2524 ipse
720 2436 940 2516 coecitatem,
975 2438 1070 2525 quod
1091 2438 1135 2502 ad
1156 2435 1302 2502 rationis

312 2536 485 2602 iudicium
503 2536 637 2605 attinet.
678 2530 728 2603 Et
742 2536 923 2603 ineffabile
939 2536 1027 2603 illud
1045 2534 1112 2603 Dei
1126 2549 1197 2624 opt.
1210 2558 1322 2606 max..

313 2659 392 2723 erga
418 2631 613 2702 humanum
634 2657 743 2723 genus
771 2637 999 2717 beneficium,
1039 2662 1109 2727 quo
1135 2659 1172 2703 se
1198 2635 1303 2702 nobis

312 2735 412 2804 verbi
441 2735 495 2802 sui
527 2735 641 2825 divini
672 2738 873 2806 testimonio
903 2738 1080 2828 patefecit,
1123 2738 1213 2825 tanti
1237 2760 1301 2831 pro

312 2832 389 2904 mea
409 2836 610 2905 infirmitate
627 2838 720 2927 apud
739 2862 795 2905 me
815 2838 925 2920 fari0,
959 2851 998 2907 ut
1018 2838 1072 2904 illi
1097 2837 1164 2904 soli
1187 2837 1303 2904 modis

313 2937 481 3006 omnibus
496 2947 530 3004 et
545 2931 633 3003 mibi
651 2952 684 3007 et
703 2938 781 3005 aliis
799 2939 1030 3006 insistendum
1051 2950 1182 3027 putem.
1232 2934 1304 3005 Fa-

313 3051 390 3107 teor
405 3039 507 3116 item,
534 3038 733 3129 omnesqui
749 3040 919 3107 traditum
941 3041 986 3106 ab
1007 3038 1069 3106 illo
1093 3052 1127 3107 et
1146 3037 1248 3107 verbi
1269 3051 1304 3107 et

314 3151 614 3207 sacramentorum
627 3139 861 3207 ministerium
877 3164 950 3208 non
968 3140 1093 3207 volunt
1106 3163 1304 3229 agnoscere,

313 3264 372 3308 eos
387 3233 479 3308 nihil
496 3262 637 3330 prorsus
652 3263 768 3331 neque
783 3241 825 3307 ad
840 3236 1020 3309 Christum
1037 3264 1152 3334 neque
1169 3243 1210 3308 ad
1229 3242 1304 3307 eius

312 3337 507 3408 Ecclesiam
528 3339 714 3427 pertinere.
766 3337 831 3408 Est
854 3342 948 3421 enim
973 3342 1164 3411 certissima
1183 3342 1303 3429 regula

313 3431 448 3510 Christi
473 3439 551 3516 illa:
586 3437 653 3534 qui
679 3462 751 3508 non
778 3434 967 3508 crediderit
993 3436 1303 3511 condemnabitur.

314 3538 363 3609 Et
378 3554 515 3610 tantum
533 3541 647 3623 abest,
680 3553 720 3608 ut
740 3541 863 3608 salutis
879 3543 1148 3631 promissionem
1163 3547 1208 3613 ad
1224 3568 1304 3613 roe-

313 3654 390 3712 tum
423 3641 614 3730 impiorum
638 3642 826 3709 transferre
850 3667 1006 3734 unquam
1029 3645 1224 3728 voluerim,
1264 3640 1304 3713 u't

314 3737 383 3809 hoc
406 3741 568 3829 inprimis
592 3742 736 3810 nomine
757 3766 830 3810 non
853 3744 943 3810 bene
966 3738 1025 3812 hic
1047 3746 1187 3814 audiam
1209 3747 1302 3836 apud

311 3843 498 3931 imperitos
528 3843 697 3933 quosdam
723 3844 853 3931 gratiae
878 3845 1083 3929 iactatores,
1119 3848 1218 3938 quod.
1239 3848 1305 3914 do-

316 3967 431 4027 ceam,
474 3944 724 4032 promissiones
744 3942 812 4013 Dei
840 3948 884 4014 ad
908 3959 1164 4037 contemptores
1188 3972 1304 4040 neque

316 4044 527 4136 pertinuisse
549 4068 726 4135 unquam,
764 4070 879 4138 neque
902 4071 1002 4137 posse
1024 4050 1171 4116 omnino
1197 4050 1305 4138 perti-

315 4169 411 4217 nere.
462 4144 609 4236 Loquor
624 4159 738 4214 autem
754 4149 855 4224 deco
871 4160 1092 4236 contemptu,
1129 4151 1191 4242 qui
1208 4152 1304 4219 dela-

315 4262 386 4316 tam
412 4248 450 4314 in
473 4241 615 4316 Christo
639 4248 786 4317 salntem
813 4250 966 4338 spernit,
997 4246 1238 4339 blasphemat,
1272 4264 1306 4320 et

315 4349 417 4417 ridet.
474 4345 551 4417 lmo
574 4372 658 4417 vero
681 4344 748 4417 bo‘c
772 4348 886 4439 ipsum
911 4350 1119 4434 discrimen,
1154 4355 1248 4444 quod
1267 4367 1305 4423 tu

319 4449 411 4517 inter
434 4471 513 4530 eos,
548 4451 608 4541 qui
636 4475 757 4519 vocem
779 4449 846 4520 Dei
874 4475 947 4520 sese
976 4453 1215 4543 patefacientis
1243 4478 1307 4521 au-

317 4551 440 4640 diunt,
467 4551 577 4639 etqui
593 4550 690 4616 illam
709 4565 957 4634 contemnunt,
984 4557 1208 4624 statuendum
1234 4580 1307 4623 esse

317 4662 436 4740 putas:
470 4644 537 4715 hoc
562 4641 679 4737 ipsum
702 4650 909 4732 discrimen,
941 4655 1103 4744 inquam,
1138 4657 1241 4737 facit,
1267 4672 1307 4724 ut

318 4746 408 4817 mibi
425 4749 549 4842 videar
565 4770 629 4835 ego
646 4749 690 4815 de
708 4751 867 4819 omnium
884 4753 1015 4843 ubique
1038 4756 1228 4823 infantium
1251 4780 1306 4823 sa-

320 4851 394 4919 lute
410 4852 500 4919 bene
517 4872 656 4938 sperare
672 4872 789 4939 posse:
825 4854 955 4919 nedum
977 4856 1074 4922 utin
1096 4852 1187 4922 hanc
1211 4857 1306 4944 cogi-

320 4953 491 5021 tationem
517 4951 681 5040 delapsus
703 4949 788 5029 sim,
826 4975 867 5018 ex
890 4954 963 5020 ulla
988 4956 1222 5025 admiratione
1250 4956 1307 5023 in-

320 5077 507 5121 numerare
522 5052 618 5120 illius
632 5052 882 5135 multitudinis,
908 5078 1012 5144 quam
1031 5057 1181 5125 insuam
1199 5058 1307 5145 ipsius

321 5154 512 5245 perniciem
529 5154 614 5221 ferri
628 5166 701 5223 toto
718 5166 890 5222 terrarum
908 5156 994 5222 orbe
1011 5157 1179 5226 videmus.
1204 5157 1306 5228 Hanc

321 5256 486 5347 equidem
512 5279 647 5344 semper
669 5257 862 5325 statuebam
884 5257 1045 5325 damnari
1065 5259 1306 5329 iustoiudicio

321 5354 407 5441 Dei,
437 5382 552 5450 neque
576 5371 694 5427 tamen
715 5359 894 5427 conditam
915 5381 987 5427 esse
1007 5384 1027 5428 a
1044 5357 1180 5429 Deo'ad
1196 5377 1308 5431 aeter-

356 5654 383 5723 *)
402 5654 441 5737 ld¹
452 5663 542 5708 tamen
560 5652 671 5736 iactum·
681 5674 747 5737 esse·
759 5674 789 5708 ex
803 5675 846 5726 ep.
858 5654 884 5710 d.
899 5656 938 5710 15.
951 5654 1001 5711 tut.
1016 5656 1090 5712 154⁵.
1102 5656 1198 5739 colligi
1212 5668 1308 5741 potest,

391 5732 569 5795 narratarum,
593 5720 720 5775 Lashom
739 5742 791 5777 ram
808 5736 952 5794 antequam
971 5724 1039 5780 baec
1056 5728 1187 5782 scriberet
1205 5728 1306 5781 librum

389 5790 483 5864 illum,
502 5801 593 5864 postea
606 5790 639 5845 ad
652 5792 795 5846 Albertum
807 5792 916 5847 Ducem
927 5791 1056 5868 missum,
1072 5796 1221 5868 scripsisse.

885 637 1312 714 EPlSTOLARUM
1378 640 1487 717 LlB.
1523 637 1587 719 IX.
1641 639 1774 713 1546.

2265 640 2341 712 cto

1354 838 1415 883 nas
1438 805 1615 899 miserias,
1643 813 1705 907 qui
1723 812 1901 881 nemiuem
1925 833 1942 879 a
1966 834 2028 880 sua
2050 809 2205 880 excludit
2219 809 2344 897 gratia,

1353 929 1386 984 et
1402 916 1605 984 universum
1629 915 1667 983 in
1684 912 1801 983 Adam
1822 913 2026 981 mortalium
2046 934 2157 1000 genus
2181 912 2225 980 ad
2246 913 2343 980 salu-

1352 1030 1421 1085 tem
1439 1018 1599 1086 condidit
1614 1016 1838 1105 nominisque
1855 1015 1909 1082 sui
1923 1014 2071 1102 gloriam
2089 1014 2342 1101 immortalem3
2362 1028 2368 1045 ·

1352 1120 1412 1189 sed
1438 1119 1681 1190 voluntarium
1704 1117 1743 1186 in
1772 1138 1811 1185 ea
1841 1114 2071 1186 multitudine
2102 1121 2344 1205 contemptum

1352 1215 1533 1306 damnari,
1556 1235 1613 1306 ut,
1647 1222 1733 1288 dum
1755 1210 1909 1286 oblatam
1927 1218 2072 1305 gratiam
2089 1217 2262 1285 destinata
2277 1242 2342 1286 vo-
2388 1284 2391 1289 .

1353 1326 1489 1392 lunsate
1513 1322 1723 1405 contemnit,
1758 1320 1802 1389 ab
1829 1319 1890 1387 illa
1910 1319 1979 1386 fide
2007 1318 2161 1401 excidat,
2201 1321 2261 1387 sed
2285 1320 2343 1386 in-

1353 1426 1472 1509 terim,
1504 1426 1560 1494 vel
1582 1424 1712 1505 invita,
1740 1421 1869 1510 gloriae
1884 1417 1950 1489 Dei
1969 1420 2113 1502 serviat,
2146 1442 2185 1487 ac
2208 1444 2344 1509 poena-

1352 1549 1430 1594 rum
1450 1539 1670 1594 aeternarum
1689 1523 1934 1613 magnitudine
1950 1534 2113 1602 testetur,
2145 1517 2259 1614 Deum
2277 1522 2344 1590 do-

1351 1629 1488 1695 minum
1504 1627 1619 1696 solum
1635 1648 1727 1706 esse,
1759 1648 1863 1715 quem
1886 1636 1926 1692 ut
1948 1636 2081 1713 patrem
2105 1622 2344 1710 indulgentis-

1353 1728 1479 1796 simum
1497 1729 1614 1798 oblata
1630 1726 1669 1792 in
1684 1721 1826 1795 Christo
1849 1725 1995 1792 domino
2021 1723 2131 1790 salute
2154 1745 2344 1811 agnoscere

1353 1831 1507 1899 nolebat.
1565 1826 1751 1897 Caeterum
1774 1839 1814 1894 ut
1835 1819 1921 1892 huic
1942 1823 2165 1892 multitudini
2189 1825 2343 1894 inlautes

1355 1954 1495 2022 quoque
1520 1929 1760 2009 includamus,
1792 1925 1829 1993 id
1850 1950 1933 1993 vero
1957 1948 2030 1992 uon
2054 1925 2100 1992 ita
2123 1920 2214 1991 mihi
2231 1925 2346 2009 facile,

1354 2043 1395 2098 ut
1416 2033 1567 2119 ingenue
1590 2034 1711 2097 verum
1735 2028 1863 2109 fatear,
1898 2025 2116 2115 escripturis
2137 2027 2345 2113 praesertim

1354 2133 1559 2221 persuaderi
1593 2125 1709 2198 adbuc
1742 2150 1904 2218 possum;
1944 2127 2016 2194 imo
2048 2149 2132 2194 vero
2165 2126 2347 2196 diversum

1355 2230 1446 2300 mihi
1463 2234 1626 2321 colligere
1642 2253 1742 2322 posse
1758 2229 1893 2300 videor.
1943 2224 2014 2297 Sed
2029 2240 2166 2311 tamen,
2191 2229 2242 2295 mi
2258 2225 2347 2298 Phi-

1354 2334 1467 2424 lippe,
1506 2334 1659 2400 libenter
1691 2324 1751 2398 hic
1783 2352 1909 2421 sequar
1942 2328 2114 2397 iudicium
2148 2342 2266 2398 tuum:
2310 2344 2347 2400 et

1355 2450 1582 2526 posteaquam
1599 2447 1638 2502 tu
1652 2431 1804 2513 iudicas,
1833 2428 1959 2498 utilem
1976 2452 2050 2497 non
2065 2430 2140 2497 fore
2154 2451 2250 2498 nunc
2267 2454 2347 2499 eam

1356 2537 1575 2619 doctrinam,
1602 2536 1630 2602 si
1646 2545 1848 2621 urgeretur,
1879 2554 1939 2599 cro
1957 2544 1991 2600 ct
2006 2552 2068 2618 ego
2083 2531 2247 2621 deinceps
2261 2556 2347 2601 mu-

1356 2652 1429 2722 tus,
1466 2641 1578 2706 donec
1600 2637 1637 2704 id
1660 2635 1754 2703 inter
1775 2646 1841 2700 nos
1862 2632 1968 2699 semel
1992 2632 2182 2723 aliquando
2203 2632 2259 2700 vel
2283 2656 2345 2702 co-

1355 2764 1451 2822 ram,
1484 2739 1580 2829 quod
1601 2736 1751 2803 maxime
1776 2733 1946 2825 optarim,
1978 2733 2034 2800 vel
2047 2756 2121 2831 'per
2143 2732 2261 2802 literas
2284 2757 2347 2801 ex-

1357 2840 1542 2910 cutiamus.
1599 2834 1676 2925 Ego
1703 2829 1797 2903 enini
1828 2836 1913 2902 dum
1937 2845 1971 2901 ct
1992 2834 2144 2923 plurima
2166 2846 2201 2901 et
2224 2835 2348 2901 eadem

1357 2940 1483 3009 eximia
1499 2940 1592 3007 dona
1606 2936 1674 3006 Dei
1688 2938 1728 3004 in
1743 2952 1776 3007 te
1790 2936 1949 3017 intueor,
1974 2947 2008 3004 te
2025 2958 2137 3002 unum
2153 2958 2225 3003 esse
2240 2936 2347 3003 etiam

1356 3054 1470 3110 statuo
1486 3042 1577 3132 apud
1596 3062 1701 3132 quem
1717 3037 1898 3105 effundere
1912 3036 2059 3104 debeam
2075 3038 2223 3104 omnino
2239 3037 2347 3128 quid·
2369 3102 2371 3107 .

1357 3143 1444 3235 quid
1468 3141 1507 3210 in
1529 3141 1649 3210 animo
1670 3162 1750 3207 meo
1773 3136 2036 3208 dubitationum
2054 3137 2246 3205 oboriatur.
2299 3132 2368 3208 Et,

1356 3244 1446 3313 facio
1470 3244 1507 3310 id
1535 3265 1619 3310 sane
1640 3248 1778 3310 summa
1800 3264 1880 3308 cum
1902 3238 2049 3321 fiducia,
2072 3252 2147 3307 tum
2168 3240 2347 3324 libertate;

1357 3367 1493 3436 caspe,
1518 3357 1646 3413 utnon
1663 3342 1850 3423 dubitem,
1875 3352 1907 3407 te
1928 3333 1996 3408 hoc
2019 3364 2082 3428 pro
2101 3352 2161 3409 tua
2180 3334 2349 3408 humani-

1358 3460 1427 3515 tate
1443 3468 1578 3537 proque
1592 3437 1782 3512 christiana
1805 3435 1971 3510 charitate
1994 3441 2077 3508 boni
2100 3441 2364 3510 consulturum·

1358 3571 1447 3631 esse,
1474 3547 1582 3638 inque
1599 3544 1767 3634 optimam
1785 3556 1918 3631 partem
1935 3542 2259 3631 interpretaturum.
2288 3624 2290 3627 Α

1457 3644 1511 3715 De
1528 3670 1635 3715 coena
1650 3644 1787 3713 domini
1801 3645 1935 3732 gaudeo
1950 3643 2014 3711 tibi
2030 3643 2174 3731 probari
2189 3656 2349 3711 nostram

1357 3740 1626 3838 sententiam*).
1688 3742 1834 3815 Utinam
1868 3768 1907 3811 ea
1939 3743 2027 3826 iam,
2067 3768 2153 3832 pace
2185 3744 2347 3812 omnium

1356 3847 1613 3930 Ecclesiarum,
1647 3845 1806 3915 obtinere
1829 3845 1971 3912 demum
1993 3845 2111 3934 possit.
2169 3842 2248 3914 Tua
2269 3869 2350 3914 car-

1357 3952 1454 4018 mina
1471 3951 1515 4018 de
1531 3948 1634 4017 Mose
1655 3948 1694 4015 in
1709 3969 1856 4016 caverna
1869 3960 1987 4035 petrae
2003 3946 2191 4016 constituto
2203 3937 2281 4040 **)‚
2308 3970 2350 4015 ac

1359 4076 1499 4122 rursum
1516 4052 1560 4118 de
1577 4072 1739 4140 percussa
1759 4071 1822 4139 per
1845 4047 1948 4115 illum
1967 4060 2084 4137 petra,
2116 4070 2241 4135 magna
2265 4072 2350 4115 cum

1360 4154 1538 4242 voluptate
1552 4151 1632 4239 legi.
1683 4149 1792 4218 Plane
1817 4149 1871 4216 sic‘
1892 4162 1957 4216 est:
1991 4149 2111 4240 quiin
2139 4149 2221 4235 legis
2237 4148 2351 4216 mini·

1360 4256 1465 4323 sterio
1480 4254 1586 4342 positi
1603 4251 1700 4319 illius
1716 4243 1871 4319 ministri
1892 4251 2007 4319 videri
2027 4251 2171 4332 volunt,
2201 4248 2254 4316 illi
2276 4238 2351 4340 ipsi

1360 4356 1520 4424 omnium
1544 4353 1746 4442 gravissime
1770 4376 1866 4420 nunc
1889 4367 2020 4441 petram
2038 4352 2075 4418 iu
2090 4351 2256 4418 membris
2274 4351 2350 4418 suis

1359 4459 1508 4539 feriunt,
1540 4452 1626 4523 haec
1649 4479 1755 4545 porro
1780 4456 1847 4522 icta
1868 4478 1993 4545 aquam
2017 4449 2251 4522 nihilominus
2267 4454 2352 4520 red-

1360 4560 1430 4643 dit,
1457 4558 1564 4650 idque
1580 4572 1677 4626 tanto
1693 4557 1868 4645 copiosius
1884 4567 2016 4644 quanto
2032 4550 2275 4622 vehementius
2297 4554 2352 4622 se-

1361 4661 1461 4731 ritur.
1518 4657 1566 4727 Et
1597 4659 1694 4727 nulla
1720 4656 1833 4723 maior
1855 4654 2048 4721 consolatio
2075 4649 2197 4721 haberi
2221 4666 2351 4743 potest,

1360 4786 1463 4851 quam
1488 4761 1573 4826 dum
1598 4772 1690 4826 certo
1716 4757 1918 4835 statuimus,
1957 4757 2095 4844 protegi
2131 4778 2195 4822 nos
2227 4757 2350 4823 dextra

1360 4859 1427 4928 Dei
1457 4874 1639 4948 propterea
1671 4857 1766 4949 quod
1792 4880 1857 4925 nos
1880 4857 1918 4923 iu
1940 4880 2088 4927 caverna
2110 4869 2226 4946 petrae
2247 4854 2349 4923 illius

1362 4961 1531 5042 invictae,
1581 4955 1670 5050 quae
1705 4959 1815 5026 nullis
1855 4972 2041 5027 ventorum
2080 4970 2141 5027 aut
2173 4956 2351 5024 fluctuum

1361 5062 1554 5155 quamlibet
1570 5060 1799 5128 saevientium
1815 5061 1918 5129 furiis
1932 5060 2010 5129 loco
2027 5084 2091 5127 suo
2112 5057 2248 5128 moveri
2267 5071 2350 5148 pot-

1362 5178 1429 5243 est,
1457 5164 1664 5231 constitutos
1681 5186 1752 5232 esse
1769 5163 1939 5230 videmus.
1988 5158 2164 5227 Dominus
2181 5161 2354 5247 adaugeat

1361 5266 1464 5334 nobis
1478 5290 1552 5333 eam
1570 5266 1693 5343 tidem,
1724 5277 1764 5333 ut
1778 5278 1915 5333 tantum
1930 5261 2026 5328 illius
2043 5258 2252 5328 beneficium
2271 5261 2353 5329 ani-

1362 5368 1429 5435 mis
1446 5368 1574 5436 nostris
1589 5367 1737 5437 firmiter
1751 5366 1960 5455 impressum
1974 5356 2104 5430 habere
2116 5382 2254 5452 semper
2267 5384 2353 5453 pos-

1368 5586 1590 5599 *uu-

1394 5714 1424 5785 a)
1444 5715 1507 5769 vra.
1522 5732 1590 5785 quae
1605 5722 1700 5768 contra
1714 5708 1939 5765 manascunt.
1957 5709 1997 5761 rs.
2011 5705 2061 5762 tut.
2077 5705 2172 5775 1545„
2247 5680 2252 5689 ’

1382 5791 1442 5869 ’**)
1460 5798 1570 5870 Legitur
1580 5796 1635 5852 boc
1648 5812 1757 5851 carmen
1770 5794 1799 5847 io
1812 5796 1898 5865 epigr.
1911 5791 1980 5848 Met.
1997 5811 2025 5865 p.
2036 5794 2063 5848 9.
